2790 4770
630 299 833 372 ⁴264-

604 556 683 628 Epist.
697 555 732 608 ad
745 556 859 610 Atticum.

189 748 259 812 Lib.
276 751 298 826 l,
317 752 355 813 I6
372 768 379 812 :
400 785 432 798 -
454 753 532 815 Nam
547 759 664 817 caetera
680 772 744 816 non
761 759 895 833 possunt
909 754 1028 818 habere
1040 772 1145 836 neque
1158 756 1238 834 vim,
1255 773 1314 818 ne-

116 941 119 945 ,
151 874 214 938 que
228 864 437 938 venustatem,
455 867 577 924 remoto
593 862 648 924 illo
664 862 764 925 studto
784 866 994 942 contentionis,
1010 880 1107 944 quam
1134 863 1238 943 Ἀγῶνα
1258 882 1315 927 vos

151 965 329 1045 appellatis.
589 945 591 949 ¹
640 976 643 981 ’

190 1073 257 1137 Lib.
275 1077 328 1151 IV,
343 1077 383 1139 I:
399 1109 436 1121 -
506 1076 609 1158 lisque
624 1078 772 1162 imperes,
790 1084 825 1141 ut
838 1084 965 1142 sumant
984 1080 1256 1155 membranulam,
1276 1097 1316 1142 ex

82 1273 85 1280 Ι
153 1199 217 1263 qua
236 1185 353 1245 iudices
377 1185 465 1264 liant,
489 1203 568 1265 quos
596 1203 651 1250 vos
676 1185 788 1264 Graeci,
819 1191 854 1250 ut
879 1186 1005 1267 opinor,
1020 1185 1176 1254 Συλλάὸους
1202 1188 1315 1268 appel-

149 1288 232 1351 latis.
1240 1336 1244 1344 ι

190 1398 260 1460 Lib.
275 1400 341 1474 VII,
360 1401 379 1462 3
395 1418 402 1462 ε
418 1400 557 1472 —Quod
574 1401 600 1462 si
617 1399 723 1473 Δήνους
735 1401 778 1484 (Ι)
795 1402 909 1483 oppido
923 1402 1067 1465 volumus
1083 1419 1162 1480 esse,
1180 1406 1247 1464 tam
1263 1406 1311 1464 est

152 1504 307 1585 oppidum
322 1508 456 1570 Sunium
471 1527 566 1589 quam
579 1508 707 1571 Piraeus.
778 1578 780 1583 ,

191 1613 260 1676 Lib.
274 1617 354 1692 XIII,
372 1618 410 1678 23
428 1636 491 1678 :—
510 1619 549 1680 Iit
577 1617 760 1682 mehercule
774 1636 869 1696 nuno,
890 1635 989 1698 quum
1007 1618 1050 1680 itu
1076 1617 1176 1679 simus
1187 1616 1306 1691 affecti,

151 1729 187 1787 ut
201 1743 265 1788 non
279 1727 437 1805 possimus
464 1728 557 1806 plane
580 1730 672 1789 strunt
685 1732 785 1789 vivere
812 1725 972 1808 (intelligis
994 1726 1080 1788 enlm
1099 1728 1259 1806 prolecto,
1278 1723 1310 1784 in

97 1892 100 1897 .
153 1849 216 1911 quo
247 1832 384 1907 manime
414 1831 517 1912 posita
545 1832 586 1894 sit
613 1831 789 1912 Σνμὸίωσις),
814 1833 905 1894 facile
931 1831 1086 1911 patiebar,
1117 1848 1175 1892 nos
1203 1829 1309 1909 potius

151 1940 265 2002 Romae·
275 1959 337 2002 una
351 1958 528 2020 essequam
542 1941 575 2001 in
590 1941 779 2003 Tusculano.

192 2047 261 2110 Lib.
275 2050 353 2124 XIII,
369 2050 409 2108 II
426 2067 433 2109 :
450 2083 489 2093 —-
503 2049 618 2111 Brutus
636 2047 715 2108 mihi
736 2050 771 2109 Τ.
788 2045 901 2127 Ligarii
918 2047 1023 2110 verbis
1038 2047 1207 2122 nuntiavit,
1225 2047 1309 2128 quod

154 2157 332 2235 appelletur
342 2158 378 2218 L.
395 2155 551 2217 Curidius
561 2156 593 2216 in
609 2155 750 2218 oratione
763 2155 942 2235 Ligariana,
952 2165 1089 2218 erratum
1105 2172 1173 2218 esse
1190 2172 1308 2231 meum,

157 2265 224 2340 Sed,
240 2267 276 2325 ut
287 2263 385 2340 aiunt,
401 2264 571 2345 Μνημονικὸν
582 2264 740 2347 ἁμάρτημα.

194 2372 263 2434 Lib.
287 2373 366 2448 XIII,
391 2375 451 2434 52:
477 2373 611 2448 -Quid
636 2371 772 2452 quaerisi
796 2372 970 2435 delectatus
988 2378 1035 2435 est
1053 2373 1107 2453 (i),
1130 2379 1162 2434 et
1176 2372 1312 2435 libenter

156 2479 227 2542 init.
249 2479 389 2541 Puteolis
404 2497 436 2540 se
448 2480 552 2541 aiebat
570 2497 669 2542 unum
686 2478 772 2542 diem
790 2481 868 2556 sore,
889 2480 1026 2542 alterum
1040 2480 1080 2541 ad
1092 2479 1197 2542 Baias.
1210 2479 1312 2541 Habes

53 2650 54 2655 ,
155 2587 328 2664 hospitium,
345 2585 407 2647 slve
422 2585 617 2663 Ἐπισταθμίαν
632 2585 787 2660 odiosam,
804 2585 893 2661 mth,
910 2585 985 2660 dixi,
1000 2603 1065 2646 non
1079 2585 1260 2647 molestam.

196 2695 265 2756 Lib.
283 2697 363 2769 XVI,
387 2699 448 2756 II:
470 2729 510 2739 -
533 2693 622 2765 Quod
651 2695 691 2780 de
714 2694 919 2772 Inscriptione
947 2694 1074 2773 quaeris,
1108 2710 1173 2753 non
1201 2691 1312 2753 dubito

160 2797 236 2878 quin
257 2800 381 2871 Καθῆκον
404 2798 531 2876 officium
556 2799 607 2874 sit,
634 2799 693 2860 nisi
708 2800 785 2878 quid
810 2807 844 2864 tu
864 2801 948 2862 aliud
967 2821 974 2862 ε
994 2801 1047 2862 sed
1064 2800 1231 2878 inscrIptio
1246 2800 1312 2878 ple-

159 2906 241 2982 nior,
266 2906 306 2968 de
330 2907 454 2970 ollioiis.
479 2908 634 2988 Προσφωνῶ
661 2906 803 2967 Ciceroni
829 2907 906 2969 filio.
937 2906 1047 2967 Visum
1072 2910 1120 2967 est
1148 2921 1214 2965 non
1243 2906 1312 2963 ἀνοι-

160 3020 243 3077 κεῖον.

198 3123 266 3184 Lib.
292 3125 371 3197 XVI,
390 3127 427 3184 II
444 3142 451 3184 :
467 3155 507 3169 -
523 3124 597 3198 Sed,
614 3129 649 3185 ut
674 3123 759 3184 aliud
787 3141 823 3184 ex
838 3123 910 3199 aliu,
937 3123 1016 3184 mihi
1038 3141 1101 3186 non
1117 3128 1164 3186 est
1180 3122 1312 3185 dubium

161 3230 238 3312 quin
260 3234 344 3311 quod
361 3231 461 3293 Graeoi
474 3234 610 3310 Κανῆκον,
628 3252 685 3295 nos
702 3254 716 3291 u
728 3233 901 3314 officium...
920 3257 934 3295 ν

200 3339 250 3399 Act
269 3337 306 3415 Q.
322 3337 465 3418 fratrom,
490 3339 545 3401 lib.
562 3341 610 3416 III,
624 3344 643 3402 6
658 3360 665 3402 :
682 3341 875 3403 -Cessator
889 3359 956 3404 esse
976 3342 1058 3418 noli;
1079 3349 1109 3404 et
1125 3343 1205 3405 illud
1231 3345 1314 3404 Γνῶθι

162 3444 282 3520 σεαυτόν,
311 3446 375 3506 noli
402 3452 513 3525 putare
533 3451 571 3509 ad
596 3448 807 3528 arrogantiam
823 3450 1028 3512 minuendam
1042 3451 1145 3513 solum
1169 3469 1237 3513 esse
1250 3451 1314 3511 dic-

163 3562 244 3633 tum,
260 3574 370 3618 verum
390 3557 487 3618 etiam
504 3563 541 3619 ut
556 3558 639 3619 bona
654 3564 761 3619 nostra
774 3558 928 3619 norimus.

91 3817 93 3821 ’
195 3824 232 3887 (1)
251 3823 335 3886 Δῆμος
346 3822 411 3872 idem
428 3830 463 3872 est
475 3838 504 3872 ao
518 3784 606 3887 uorum
620 3819 695 3869 latine
707 3818 796 3868 dicitur
809 3815 886 3870 locus.

197 3909 233 3974 (2)
250 3907 272 3958 J.
288 3907 376 3964 Caesar.

662 4141 821 4157 —
