2790 4770
550 229 752 295 -155-

68 361 1232 442 vixerit3quiantemhiesedediderit,injuste.dtqoeille,qnireotcethonestecur·

68 497 436 560 ricnlumviveudiaoatura
447 503 541 560 datum
551 500 1233 577 confecerit,adilludastrum,qnocnmaptusfue-
1248 572 1250 576 μ

70 632 1234 711 ritrevertetumquientemimmoderateetintemperatevirerit,eumsecundusor-

71 773 119 822 tus
140 765 170 822 in
184 766 301 840 figuram
319 768 485 827 muliebrem
499 768 659 828 transferet.
677 773 714 828 Et
739 770 761 826 si
784 786 820 828 ne
841 779 901 828 tum
922 772 1034 845 quidem
1050 770 1135 827 tinem
1152 767 1232 826 uitio·

24 974 29 983 Ι
70 914 136 956 rum
150 898 244 967 faciet,
259 901 368 976 gratim
380 903 629 979 etiamjactabitur,
638 914 666 962 et
674 906 703 962 in
710 905 1062 963 suismoribussimillimas
1070 905 1172 977 figuras
1183 918 1232 977 pe·

70 1033 177 1091 oudum
191 1043 219 1092 et
234 1035 356 1094 ferarum
366 1037 566 1107 transferetur;
580 1057 670 1114 neque
686 1042 987 1100 malorumterminum
997 1041 1073 1115 prius
1089 1039 1232 1112 adspiciet,

70 1166 329 1242 quamillamsequi
344 1172 1234 1248 coeperitconversionem,quamhabebatinscipse,ejusdemet
1305 1229 1307 1233 .

70 1301 167 1372 unius,
188 1303 271 1360 simul
286 1305 412 1363 innatam
430 1315 458 1365 et
480 1308 612 1366 insitam:
633 1308 707 1383 quod
728 1310 922 1376 tumeveniet,
944 1310 1102 1382 quamdiu,
1122 1323 1184 1383 quae
1198 1322 1232 1364 ex

69 1435 147 1510 igne,
167 1453 242 1508 aere,
267 1456 338 1515 aqua
360 1447 446 1517 atque
459 1452 549 1511 terra,
561 1440 720 1500 turbulenta
737 1448 766 1508 et
784 1440 901 1497 rationis
919 1442 1042 1514 expertia
1060 1440 1246 1512 insederint,

69 1565 191 1641 denique
208 1571 316 1631 ratione
329 1573 474 1649 depulerit,
493 1585 522 1636 et
535 1576 571 1633 ad
581 1576 702 1650 primam
713 1582 796 1649 atque
807 1574 942 1647 optimam
955 1574 1133 1634 affectionem
1144 1575 1230 1634 animi

69 1704 239 1774 pervenerit.

105 1892 190 1949 Xlll.
209 1895 279 1967 Quae
290 1909 377 1966 quum
387 1893 426 1951 ita
438 1893 619 1969 designasset,
632 1909 745 1968 seseque
752 1936 762 1966 ,
775 1893 798 1950 si
810 1892 877 1968 quid
889 1898 985 1965 postea
998 1890 1100 1949 itandis
1111 1901 1161 1950 aut
1170 1893 1228 1952 vitii

69 2008 218 2078 evenisset,
229 2018 307 2067 extra
319 2026 431 2068 omnem
443 2011 554 2085 culpam
567 2026 734 2084 causamque
745 2009 897 2084 posuisset3
911 2008 982 2065 aiios
992 2007 1019 2065 in
1031 2016 1146 2078 terram,
1160 2010 1229 2068 alios

68 2125 98 2181 iu
117 2124 224 2192 lunam,
237 2125 306 2183 alios
318 2127 346 2183 in
356 2127 476 2201 reliquas
488 2127 584 2184 mundi
598 2135 703 2200 partes,
717 2141 779 2198 quae
797 2124 910 2182 suntad
922 2125 1078 2197 spatiorum
1096 2127 1229 2200 temporis

68 2241 302 2315 significationem
315 2249 389 2303 notae
400 2245 574 2316 constitutae,
586 2261 719 2319 spargens
730 2244 808 2316 quasi
820 2242 939 2301 serebat.
958 2244 1025 2299 Post
1037 2250 1130 2300 autem
1145 2244 1227 2302 satio·

68 2374 136 2419 nem
148 2374 212 2416 eam
224 2360 295 2428 Diis,
309 2371 340 2419 ut
352 2362 390 2420 ita
402 2361 505 2434 dicam,
513 2363 672 2438 iunioribus
683 2363 819 2437 permisit,
832 2371 863 2420 nt
874 2380 991 2438 corpora
1003 2362 1130 2421 mortalia
1147 2360 1230 2418 elfin-

67 2490 177 2557 gerent,
189 2493 377 2559 quantumque
389 2493 461 2544 esset
472 2485 610 2559 reliquum
621 2502 654 2543 ex
671 2486 794 2544 humano
807 2486 915 2559 animo,
928 2487 1005 2561 quod
1020 2486 1135 2544 deberet
1151 2500 1228 2542 acoe-

67 2604 145 2677 dere,
154 2606 184 2666 id
193 2622 277 2664 omne
285 2613 312 2663 et
321 2620 383 2679 quae
391 2605 589 2679 consequentia
597 2613 700 2674 essent,
709 2605 881 2679 perpolirent
891 2598 920 2661 et
929 2605 1118 2673 absolvereut;
1130 2577 1229 2660 deinde

66 2730 101 2780 ut
110 2722 179 2780 buic
190 2723 324 2780 animanti
337 2723 473 2797 principes
485 2738 514 2779 se
526 2720 665 2794 ducesque
677 2723 835 2795 praeberent
841 2763 852 2793 ,
864 2722 1006 2794 vitamque
1021 2721 1081 2794 ejus
1101 2718 1229 2793 pulcher-

67 2839 140 2896 rime
155 2848 285 2912 regcrent
296 2847 323 2896 et
333 2840 520 2913 gubernarent
535 2856 542 2894 z
558 2838 609 2896 nisi
628 2846 766 2912 quatenus
778 2838 837 2912 ipse
849 2837 1010 2894 benefactus
1022 2851 1071 2893 sua
1084 2834 1165 2907 culpa
1177 2834 1229 2891 sibi

66 2951 173 3026 aliquid
183 2953 301 3013 miseriae
314 2963 460 3028 quaereret.
473 2957 564 3027 Atque
576 2953 598 3010 is
608 2952 733 3040 quidem,
746 2951 791 3024 qui
804 2960 904 3008 cuncta
917 2951 1083 3024 composuit,
1097 2954 1229 3008 coustan-

66 3070 155 3127 terin
169 3086 221 3128 suo
236 3071 367 3128 manebat
386 3079 459 3129 statu
473 3093 478 3128 :
492 3071 539 3145 qui
559 3079 653 3126 autem
672 3078 751 3126 erant
772 3069 806 3126 ob
827 3085 860 3127 eo
874 3069 974 3140 creati,
997 3084 1082 3142 quum
1106 3068 1230 3142 parentis

66 3187 198 3244 ordinem
209 3185 414 3261 cognovissent,
426 3188 502 3246 hunc
513 3188 708 3262 sequebantur.
723 3190 821 3261 ltaque
832 3204 919 3262 quum
931 3190 1103 3263 accepissent
1115 3189 1231 3245 immor-

24 3312 28 3317 ·
65 3298 125 3356 tale
135 3299 304 3373 principium
322 3303 447 3359 mortalis
459 3302 624 3372 animantis,
639 3301 779 3358 imitantes
790 3301 944 3374 genitorem
962 3311 991 3359 et
1002 3301 1166 3360 effectorem
1178 3304 1230 3370 sui,

66 3413 219 3487 particulas
228 3416 301 3488 ignis
312 3426 340 3474 et
351 3422 433 3475 terrae
446 3426 473 3474 et
484 3433 563 3492 aquae
575 3426 603 3474 et
613 3419 685 3475 aeris
700 3435 715 3475 a
727 3417 851 3486 mundo,
867 3434 936 3491 quas
949 3435 1046 3475 rursus
1064 3418 1229 3484 redderent,

65 3531 279 3599 mutuabantur,
292 3549 392 3607 easque
403 3535 477 3591 inter
488 3549 518 3591 se
530 3534 709 3608 copulabant,
719 3533 796 3591 haud
809 3533 909 3591 iisdem
922 3533 1051 3603 vinculis,
1064 3533 1164 3606 quibus
1176 3533 1228 3605 ipsi

66 3646 286 3721 erantcolligati,
296 3649 466 3720 sedialibus,
477 3666 537 3723 quae
545 3651 621 3707 cerui
629 3666 686 3706 non
697 3658 809 3723 possent
817 3658 930 3722 propter
939 3649 1115 3723 parvitatem,
1126 3648 1231 3705 crebris

65 3762 148 3835 quasi
162 3764 286 3820 cuneolis
297 3765 416 3838 injectis,
430 3782 517 3823 unum
530 3765 690 3823 efficiebant
703 3781 737 3823 ex
750 3765 880 3822 omnibus
890 3781 1006 3838 corpus;
1020 3765 1143 3835 itemque
1154 3763 1183 3818 in
1196 3777 1229 3819 eo

66 3876 204 3935 influente
224 3887 305 3952 atque
324 3879 452 3939 effluente
473 3883 567 3938 animo
588 3880 681 3938 divino
703 3879 826 3937 ambitus
848 3879 1003 3952 illigabant.
1023 3881 1116 3950 Atque
1138 3877 1177 3933 illi
1201 3876 1230 3931 in

65 3992 173 4049 flumen
186 3993 304 4068 [ingens]
316 3994 452 4068 immersi,
463 4012 553 4068 neque
566 3996 709 4061 tenebant,
724 4011 815 4067 neque
828 3995 1011 4064 tenebantur3
1024 3992 1073 4050 sed
1087 3992 1112 4048 ui
1127 4006 1228 4064 magna

64 4117 129 4167 tum
143 4109 282 4182 ferebant,
294 4120 356 4169 tum
372 4112 541 4170 ferebantur.
558 4115 599 4170 lta
611 4121 701 4170 totum
713 4112 815 4169 animal
835 4114 999 4170 mouebatur
1015 4111 1085 4169 illud
1101 4109 1229 4183 quidem,

65 4224 118 4282 sed
126 4225 310 4285 immoderate
321 4236 349 4286 et
359 4227 486 4299 fortuitu,
499 4239 528 4287 ut
541 4246 587 4287 sex
598 4230 721 4286 motibus
732 4228 887 4287 veheretur.
901 4232 970 4286 Nam
980 4235 1092 4294 etante,
1105 4232 1133 4282 et
1141 4239 1226 4296 pone,
