2790 4770
623 200 825 264 -150-

144 349 280 448 ἀριστον.
295 337 341 432 ΕΞ
355 351 391 431 ης
406 343 445 427 δὴ
463 362 517 431 τῆς
536 351 638 431 αἰτίας
656 355 778 448 γέγονεν
800 355 845 419 όσ’
866 351 988 428 ἀπλανῆ
1011 362 1073 419 τῶν
1095 347 1218 444 ἄστρων
1236 344 1323 439 ζῷα,

146 477 211 544 θεῖα
230 477 305 544 όντα
321 475 373 545 καὶ
387 469 473 545 ἀίδια
486 477 538 545 καὶ
549 476 633 546 κατὰ
648 474 749 546 ταύτὰ
764 483 794 547 ἐν
809 480 914 564 ταύτῷ
931 477 1123 570 στρεφόμενα
1137 475 1183 543 ἀεὶ
1197 468 1300 570 μένει·

135 597 182 669 ,τά
202 594 237 670 θὲ
264 603 437 698 τρεπόμενα
461 603 512 670 καὶ
537 603 655 679 πλάνην
670 605 824 678 ’τοιαότην
847 600 989 696 ίσχοντα,
1019 603 1155 695 καθάπερ
1179 606 1209 669 ἐν
1234 609 1303 682 τοῖς

141 727 270 822 πρόσθεν
288 731 408 822 ἐρρηθη,
428 735 497 797 κατ’
518 729 616 798 ἐκεῖνα
632 734 752 825 γέγονε.
780 705 840 805 Γῦν
861 719 908 819 θέ,
928 730 1037 824 τροφὸν
1054 728 1108 820 μὲν
1130 728 1302 821 ἡμετέραν,

141 852 316 945 εἰλλομένην
340 845 375 922 θέ
395 853 465 948 περὶ
492 856 546 923 τὸν
571 846 625 922 θεὰ
648 856 766 936 παντὸς
787 854 882 923 σολον
909 855 1075 946 τεταμένον
1104 856 1227 946 φύλακα
1251 850 1304 919 καὶ

143 968 327 1073 δημιουργὸν
342 980 450 1058 νυκτός
464 1005 498 1046 τε
514 972 567 1047 καί
580 981 695 1072 ἡμέρας
705 960 941 1073 ἐμηχανήσατο,
956 980 1079 1070 πρώτην
1095 976 1147 1044 καὶ
1167 970 1305 1069 πρεσόυ-

141 1101 239 1176 τόσην
255 1103 329 1172 θεῶν
352 1105 410 1171 ὅσα
424 1105 507 1184 ἐντὸς
526 1107 655 1196 οὐρανοῦ
667 1104 825 1200 γεγόνασι.
848 1103 978 1195 Χορείας
1004 1094 1042 1170 θέ
1064 1105 1181 1171 τοότων
1201 1103 1304 1167 αὐτῶν

142 1227 194 1294 καὶ
205 1223 553 1321 παραόολίιςάλληλων,
567 1232 620 1297 καὶ
636 1229 703 1323 περὶ
717 1227 773 1308 τὰς
788 1238 850 1297 τῶν
863 1229 981 1297 κύκλων
998 1227 1073 1320 πρὸς
1089 1224 1212 1304 ἑαυτοὺς
1227 1228 1308 1293 ἐπα-

141 1357 338 1432 νακοκλιίσεις
366 1354 418 1422 καὶ
450 1356 691 1448 προσχωρήσεις,
715 1357 744 1422 ἐν
772 1380 805 1422 τε
832 1362 900 1435 ταῖς
926 1346 1088 1442 ξυνάψεσιν
1109 1356 1211 1419 ὁποῖοι
1241 1360 1305 1417 τῶν

140 1477 214 1544 θεῶν
233 1480 305 1545 κατ’
319 1480 470 1558 ἀλλόλους
482 1479 668 1575 ’γιγνόμενοι
689 1478 742 1547 καὶ
760 1480 827 1547 όσοι
845 1478 1033 1570 καταντικρὺ
1052 1528 1062 1566 ,
1081 1474 1144 1570 μεθ’
1163 1473 1309 1552 οὕστινσίς

137 1627 173 1670 τε
188 1602 366 1695 ἐπίπροσθεν
382 1604 526 1682 ιῶλόλοις
539 1609 611 1698 ημῖν
626 1631 661 1671 τε
682 1602 765 1672 κατὰ
784 1605 910 1698 χρόνους
926 1608 1068 1682 οὕστινας
1089 1604 1216 1668 ἔκαστοι
1237 1625 1298 1667 κα-

138 1731 393 1796 τακαλύπτονται
418 1728 471 1795 καὶ
500 1725 593 1796 παλιν
623 1730 858 1824 ἀναφαινόμενοι
883 1724 997 1824 φέόους
1019 1729 1072 1797 καὶ
1096 1733 1207 1819 σημεῖα
1231 1733 1296 1792 τῶν

138 1849 216 1943 μετὰ
241 1863 339 1920 ταῦτα
363 1855 573 1947 γενησομένων
600 1861 665 1933 τοῖς
686 1858 721 1921 οὐ
747 1845 928 1948 θυναμένοις
941 1847 1114 1949 λογίζεσθαι
1127 1853 1299 1944 πέμπουσι,

136 1978 177 2079 ’τὸ
199 1981 298 2071 λέγειν
318 1975 387 2045 ἀνευ
412 1969 542 2069 θιόθεως
562 1981 679 2047 τοότων
699 1975 736 2045 αὖ
758 1988 819 2046 τῶν
835 1979 1024 2074 μιμημάτων
1045 1978 1179 2070 μιίταιος
1198 1971 1298 2047 ἀνείη

136 2103 242 2180 πόνος.

138 2285 141 2288 ,
190 2213 259 2291 ΧΙ.
281 2209 372 2294 Ᾰλλά
388 2227 488 2295 ταῦτά
506 2254 541 2295 τε
558 2230 666 2306 ἱκανῶς
679 2233 751 2322 ἡμῖν
766 2231 867 2324 ταότη
885 2229 937 2298 καὶ
952 2226 994 2296 τὰ
1005 2227 1074 2323 περὶ
1093 2229 1166 2296 θεῶν
1178 2233 1299 2320 ὁρατῶν

139 2331 191 2419 καί
207 2354 359 2446 γεννητῶν
377 2353 519 2447 εἰρημένα
534 2356 650 2444 φύσεως
666 2355 760 2447 ἐχέτω
775 2355 872 2433 τέλος.
891 2354 967 2446 Περὶ
986 2346 1020 2421 θὲ
1033 2362 1092 2422 τῶν
1108 2349 1210 2421 ἀλλων
1227 2345 1301 2419 θαι-

139 2476 239 2568 μόνων
254 2474 347 2545 εἰπεῖν
371 2476 424 2545 καὶ
442 2489 554 2573 γνῶναι
575 2480 631 2553 τὴν
655 2481 777 2574 γένεσιν
790 2473 891 2570 μεῖζον
913 2479 931 2554 ἢ
952 2480 1019 2547 καθ’
1041 2483 1134 2572 ημᾶς,
1149 2469 1301 2548 ,πειστέον

40 2661 43 2664 ⁴
139 2592 176 2667 δὲ
193 2609 257 2682 τοῖς
281 2603 428 2696 εἰρηκόσιν
445 2605 628 2699 ἔμπροσθεν,
651 2605 787 2700 ἐκγόνοις
810 2607 864 2699 μὲν
889 2607 962 2674 θεῶν
986 2604 1081 2695 οὖσιν,
1104 2611 1144 2684 ὡς
1172 2608 1302 2696 ἔφασαν,

139 2736 242 2820 σαφῶς
258 2721 293 2796 θέ
307 2758 366 2798 που
383 2732 454 2811 τοός
465 2759 501 2827 γε
518 2737 619 2799 αὐτῶν
635 2732 803 2826 προγόνους
818 2723 943 2800 εἰθόσεν.
967 2722 1130 2800 Ᾱθόνατυν
1154 2727 1204 2799 οὖν
1224 2732 1300 2799 θεῶν

139 2848 242 2926 παισὶν
260 2852 412 2939 ἀπιστεῖν,
431 2853 539 2948 καίπερ
560 2851 629 2921 ἀνευ
650 2879 684 2921 τε
702 2853 826 2923 εἰκότων
848 2855 899 2922 καὶ
921 2855 1095 2951 ἀναγκαίων
1111 2846 1299 2932 ἀποδείξεων

136 2979 289 3072 λέγουσιν,
305 2978 374 3045 ἀλλ’
389 2985 428 3058 ὡς
446 2978 541 3046 οἰκεῖα
561 2980 742 3072 φασκόντων
757 2981 961 3075 ἀπαγγέλλειν
977 2982 1142 3073 ἑπομένους
1155 2987 1199 3066 τῷ
1214 2979 1300 3071 νόμῳ

139 3106 327 3171 πιστευτέον.
348 3107 458 3182 Οὕτως
478 3103 528 3172 οὖν
545 3111 615 3172 κατ’
642 3104 772 3182 ἐκείνους
801 3111 873 3196 ἡμῖν
899 3113 917 3181 η’
939 3109 1054 3200 γένεσις
1082 3104 1150 3196 περὶ
1179 3107 1301 3173 τούτων

143 3235 202 3293 τῶν
221 3228 295 3294 θεῶν
315 3229 412 3321 ἐχέτω
431 3229 483 3297 καὶ
501 3230 655 3324 λεγέσθω·
677 3231 739 3307 Γῆς
758 3254 790 3295 τε
811 3230 863 3297 καὶ
884 3233 1024 3322 Οὐρανοῦ
1040 3222 1149 3309 παῖδες
1163 3216 1302 3307 ίλκεανός

142 3376 176 3419 τε
192 3352 247 3419 καὶ
268 3354 369 3431 Τηθὺς
388 3353 558 3448 ἐγενέσθην,
583 3353 702 3421 τούτων
723 3345 757 3419 δὲ
776 3353 894 3446 Φόρκυς
910 3353 1027 3446 Κρόνος
1047 3380 1082 3419 τε
1101 3353 1154 3420 καὶ
1169 3337 1237 3420 Ιθέα
1251 3351 1303 3420 καὶ

142 3478 206 3544 όσοί
222 3475 303 3569 μετὰ
318 3481 447 3563 τοότων,
466 3484 500 3547 ἐκ
520 3470 554 3545 θέ
573 3480 691 3571 Κρόνου
709 3504 741 3545 τε
760 3464 899 3557 καὶθέας
912 3483 984 3557 Ζεὺς
996 3463 1065 3572 Ιίρα
1078 3477 1175 3547 τεκαὶ
1188 3479 1303 3557 πάντες

143 3602 231 3680 όσους
250 3603 336 3696 ἴσμεν
356 3596 697 3698 ἀθελφοὺςλεγομένους
713 3606 813 3670 αὐτῶν
830 3604 876 3670 ἔτι
895 3629 929 3671 τε
946 3607 1065 3671 τούτων
1082 3602 1194 3688 σίλλους
1211 3604 1303 3698 ἐκγό-

142 3750 222 3804 νους.
243 3712 322 3796 Επεὶ
348 3720 379 3794 θ’
404 3727 454 3797 οὖν
477 3728 601 3814 πάντες,
621 3731 688 3796 όσοι
711 3753 746 3794 τε
772 3735 972 3821 περιπολοῦσι
1003 3738 1137 3823 φανερῶς
1163 3728 1217 3796 καὶ
1236 3730 1303 3794 ὅσοι

144 3853 302 3945 φαίνονται
323 3856 451 3923 καθόσον
472 3851 507 3922 θεν
536 3856 691 3937 ἐθέλωσιν,
720 3854 748 3921 οἱ
774 3852 835 3920 θεοὶ
859 3855 971 3948 γένεσιν
992 3853 1099 3945 ἔσχον,
1122 3855 1207 3946 λέγει
1227 3849 1303 3941 πρὸς

350 3971 384 4046 θε
399 4007 435 4047 το
452 3984 513 4046 πάν
532 3984 677 4071 γεννησας
690 3964 788 4046 τοίθε·
807 4005 820 4031 ν
835 3977 908 4045 Θεοὶ
923 3977 1009 4064 θεῶν,
1024 3975 1063 4044 ὧν
1079 3977 1139 4072 ἐγὼ
1154 3967 1302 4069 δημιουρ-

144 4103 198 4195 γὸς
217 4106 318 4196 πατόρ
334 4130 369 4171 τε
385 4106 491 4199 ἐργων,
520 4095 600 4170 ἀθι’
623 4109 699 4196 ἐμοῦ
723 4104 871 4197 γενόμενα
902 4099 1002 4169 ἀλυτα
1021 4103 1094 4194 ἐμοῦ
1118 4126 1154 4196 γε
1174 4103 1216 4192 μὴ
1239 4098 1304 4165 ἐθέ-

141 4232 264 4307 λοντος.
287 4230 332 4296 Τὸ
347 4229 401 4321 μὲν
417 4226 467 4296 οὖν
486 4220 525 4302 θη
542 4219 626 4295 θεθέν
647 4233 707 4296 πάν
724 4229 832 4313 λωτὸν,
852 4227 890 4294 τό
903 4253 938 4321 γε
954 4230 1013 4319 μην
1033 4232 1135 4306 καλῶς
1152 4220 1304 4317 ἀρμοσθέν
