2790 4770
549 287 762 364 -95-'

165 456 289 552 γίνοιντ’
303 454 368 548 ἢὸρ
371 481 418 534 εος
438 481 471 521 7..
447 457 642 548 ..κρομμέναι
662 454 847 532 άντέλλοιεν,

61 580 124 649 565
165 582 523 674 σάματ”επερχομένηοιν
539 579 717 670 ἀρηρότα
695 577 893 655 ποιήσασθαι.

167 697 343 784 Αὐτὸςδ
330 733 365 773 αν
384 704 471 795 μαθια
490 731 539 773 τοι
553 704 671 798 κεραίον
686 702 827 796 ἑκάτερθε
848 692 950 776 διδοίη

167 818 313 912 Ωκεανός,
329 831 406 899 τάτε
419 829 520 898 πολλὰ
535 833 768 924 περιστρέφεται
786 834 831 899 ἑοῖ
849 831 946 917 αὐτῷ,

165 955 275 1023 νειόθεν
294 961 438 1050 ὀππῆμος
454 953 558 1022 κείνων
575 955 717 1048 φορέῃσιν
736 952 881 1029 ἑκάστην.

131 1094 135 1102 ’
222 1083 270 1150 ot
289 1082 317 1149 οἱ
333 1082 556 1174 ἀφαυρότατοι,
575 1083 625 1148 ὅτε
645 1081 797 1172 Καρκίνος
816 1082 1009 1175 άντέιλγοιν,

64 1210 128 1299 570
168 1207 293 1300 ἀστέρες
311 1208 521 1299 ἀμφοτέρωθεν
541 1207 730 1299 ἑλισσόμενοι
750 1207 947 1300 περίκεινται,

169 1332 220 1400 τοὶ
234 1332 288 1425 μὲν
308 1323 462 1419 δύνοντες,
484 1333 534 1401 τοὶ
555 1323 584 1400 δ’
598 1326 630 1412 ἐξ
644 1335 750 1428 ἑτέρης
766 1333 912 1412 ἀνιόντες.

170 1459 254 1526 Δάνει
272 1459 325 1551 μὲν
344 1458 511 1550 Στέφανος,
532 1451 615 1525 δύνει
631 1450 665 1525 δὲ
684 1456 768 1526 κατὰ
786 1458 872 1553 ῥάχιν
892 1445 1000 1551 Ῐχθάς·

170 1588 263 1677 ἥμισυ
282 1586 336 1676 μέν
355 1608 405 1650 κεν
423 1574 503 1650 ἴδοιο
523 1589 682 1677 μετάορον,
701 1588 795 1677 ἥμισυ
811 1575 842 1651 δ’
860 1575 921 1659 ἤδη

171 1708 313 1802 ἐσχατιαὶ
331 1698 482 1795 βάλλοντι
495 1713 722 1803 κατερχομένου
743 1708 922 1804 Στεφάνοιο.

64 1834 129 1927 575
169 1831 309 1928 Αὐτὰρὸ
330 1827 404 1928 γνὺξ
423 1833 523 1902 ὄπιθεν
541 1838 752 1930 τετραμμένος
771 1833 853 1903 ἄλλα
871 1835 925 1929 μὲν
945 1837 1030 1903 οὕτω

172 1961 299 2055 γαοτέρι
316 1957 443 2055 νειαίρῃ,
459 1959 498 2029 τὰ
512 1952 543 2026 δ’
562 1960 712 2056 ὑπέρτερα
731 1961 820 2030 νυκτὶ
838 1970 990 2056 φορεῖται.

173 2086 234 2152 Τὸν
253 2075 358 2152 δὲκαὶ
377 2085 417 2165 εἰς
437 2086 538 2178 ὤμους
557 2085 687 2181 κατάγει
703 2087 832 2183 μογερὸν
851 2073 1006 2180 ὁφιοῢχον

174 2209 326 2305 Καρκίνος
342 2210 377 2277 ἐκ
394 2210 547 2306 γονάτων,
565 2211 694 2307 κατάγει
709 2203 737 2278 δ’
752 2196 830 2304 ὅφιν
847 2214 977 2308 αὐχένος
996 2211 1095 2306 ἐγγύς.

174 2329 252 2404 Οὐδ’
267 2330 302 2403 ἃν
315 2337 358 2404 ἔτ’
372 2325 575 2431 Ᾰρκτοφύλαξ
595 2335 639 2411 ε’ίη
657 2337 752 2416 πολὺς
771 2338 1000 2432 ἀμφοτέρωθεν,

175 2601 252 2650 ortus
262 2592 404 2665 signorum
416 2600 553 2650 nocturno
565 2600 689 2666 tempore
699 2591 786 2662 vises3

175 2698 243 2739 nam
253 2697 362 2755 semper
374 2682 484 2753 signum
495 2682 621 2740 exoriens
632 2681 714 2738 Titan
724 2679 812 2738 trahit
822 2696 920 2738 unum.

174 2769 223 2828 Sin
232 2778 326 2827 autem
338 2769 460 2827 officiens
470 2770 556 2844 signis
567 2786 648 2828 mons
659 2769 777 2828 obstruit
787 2770 869 2838 altus,

174 2868 224 2918 aut
233 2859 356 2917 adiment
366 2859 457 2918 lueem
469 2876 541 2918 caeca
553 2862 669 2934 caiigine
680 2861 779 2931 nubes,

175 2957 265 3006 certas
275 2949 335 3022 ipse
345 2958 425 3007 notas
437 2950 500 3007 eoeli
511 2950 545 3008 de
557 2951 679 3025 tegmine
691 2965 821 3018 sumens,

175 3049 253 3098 ortus
263 3049 346 3115 atque
358 3042 449 3099 obitus
460 3057 559 3099 omnes
570 3052 737 3115 eognoseere
749 3039 847 3113 possis.

175 3132 246 3202 Quae
255 3131 337 3189 simui
348 3133 492 3198 exsistant,
504 3141 618 3200 cemes3
630 3146 693 3203 qua¹
704 3138 830 3203 tempore
843 3128 939 3187 eodem

176 3221 347 3294 praeeipitent
358 3221 464 3279 obitum
474 3230 612 3279 nocturno
623 3228 751 3293 tempore
763 3236 868 3278 nosces.

176 3313 240 3366 Jam
251 3310 332 3366 simui
344 3318 376 3366 ut
387 3318 487 3383 supero
497 3325 527 3367 se
539 3317 629 3366 totum
642 3309 747 3366 iumine
757 3311 863 3368 cancer

177 3399 286 3470 extulit,
298 3399 437 3472 extempio
449 3397 521 3455 aedit
533 3397 644 3471 delapsa
657 3399 777 3467 Corona,

176 3490 277 3547 etiosa
289 3488 406 3547 convisit
418 3488 504 3547 cauda
518 3497 599 3546 tenus
611 3487 699 3546 infera
710 3489 809 3547 Piscis.

176 3578 329 3637 Dimidium
340 3579 440 3636 retinet
450 3578 485 3652 (1)
498 3578 585 3636 stellis
596 3573 728 3636 distinata
739 3581 862 3645 Corona,

176 3677 284 3742 partem
296 3669 381 3725 etiam
392 3678 474 3740 supra
485 3675 566 3742 atque
577 3668 629 3725 alia
641 3667 675 3725 de
688 3677 764 3741 parte
775 3669 899 3741 repuisa3

177 3773 263 3832 quam
273 3767 366 3815 tamen
378 3757 533 3830 insequitur
545 3757 640 3827 Pisais,
653 3771 705 3814 nee
716 3765 791 3816 totus
802 3758 835 3814 ad
847 3746 960 3815 umbras

176 3854 292 3915 tractus,
305 3844 355 3902 sed
365 3861 465 3920 supero
476 3853 620 3903 contectus
632 3853 749 3919 corpore
761 3847 834 3905 cedit
846 3862 854 3903 ι

178 3944 263 4010 atque
274 3935 405 3992 humeros
416 3950 504 4008 usque
517 3951 532 3991 a
549 3934 664 4008 genibus
675 3935 835 4008 ciarumque
846 3936 975 3994 recondit

180 4025 371 4096 Anguitenens
381 4023 478 4080 validis
488 4039 623 4096 magnum
635 4041 649 4080 a
662 4023 813 4082 cervicibus
824 4027 964 4098 Anguem.

177 4116 243 4171 Jam
253 4129 318 4172 vero
329 4103 518 4187 Arctophylax
529 4129 587 4170 non
598 4129 677 4186 aequa
688 4121 765 4188 parte
780 4123 903 4185 secatum

101 4339 141 4404 (1)
162 4357 176 4382 α
185 4333 303 4385 Retinens
313 4354 356 4385 ν...
366 4356 379 4377 α
388 4333 486 4400 repulsa
496 4341 542 4385 est.
552 4353 565 4377 ν
579 4331 613 4398 (J.
627 4331 657 4382 V.
671 4331 722 4399 L.).
