2790 4770
531 831 842 922 inuuunt.

621 1047 679 1100 ll‘sg.
696 1047 752 1098 ²27.)

156 1649 213 1710 llic
229 1645 310 1708 liber
320 1648 386 1726 jam
406 1645 438 1705 in
454 1659 564 1704 manus
576 1643 723 1723 judicum
738 1642 830 1705 datus
845 1648 924 1721 erat,
940 1661 1041 1724 quum
1056 1663 1102 1706 vrr
1126 1647 1268 1710 eruditus

112 1760 145 1817 et
159 1753 304 1816 doctrina
321 1753 461 1814 excultus
474 1749 527 1831 (l),
540 1767 637 1830 quern
651 1748 747 1812 amici
759 1750 964 1813 emendatum
981 1768 1061 1831 opus
1072 1751 1112 1815 de
1121 1753 1162 1814 M.
1173 1756 1208 1814 T.
1220 1754 1269 1816 ci-

112 1861 239 1925 ceronis
254 1858 452 1941 philosophia
468 1856 684 1936 composuisse
696 1857 811 1933 sciunt,
830 1874 882 1920 me
894 1858 935 1919 de
950 1859 1164 1938 pretermisso
1179 1861 1267 1923 Phae·

113 1968 164 2028 dri
179 1965 325 2047 Epicurei
350 1966 527 2047 fragmento
546 1962 722 2038 admonuit,
752 1980 791 2025 ex
814 1979 878 2044 quo
901 1963 1086 2028 Ciceronem
1111 1967 1212 2029 multa
1236 1967 1268 2028 in

114 2091 186 2135 suas
211 2073 249 2134 de
275 2072 395 2134 Natura
419 2071 555 2133 Deorum
579 2069 808 2150 disputationes
835 2069 1032 2151 transtulisse
1061 2073 1194 2137 illustris
1221 2093 1272 2137 ar·

115 2179 195 2243 tium
211 2181 389 2243 liberalium
401 2180 562 2261 magister,
579 2179 690 2242 Christ.
708 2181 870 2256 Petersen,
889 2179 1090 2260 apertissime
1104 2184 1244 2248 ostendit
1262 2205 1268 2246 :

114 2285 233 2368 quippe
246 2288 300 2367 qui
315 2288 466 2350 lectorem
480 2287 587 2348 omnia
601 2304 673 2367 quae
687 2286 726 2348 ad
744 2305 794 2349 res
810 2304 827 2349 e
842 2286 950 2350 Stoica
972 2285 1140 2369 disciplina
1157 2291 1271 2370 petitas

115 2394 201 2457 clara
221 2394 292 2456 luce
314 2393 515 2455 illustrandas
533 2392 708 2456 necessaria
725 2393 914 2456 riderentur
934 2394 1113 2473 edocuerit,
1134 2397 1272 2478 ideoque

115 2501 221 2577 luerit,
237 2504 272 2563 ut
297 2517 360 2562 non
376 2499 475 2579 magis
489 2500 578 2573 alter,
603 2500 642 2560 ad
658 2500 753 2562 verba
769 2501 879 2582 scripti
899 2501 990 2563 valde
1014 2504 1156 2582 corrupti
1171 2503 1274 2568 resti-

116 2606 246 2682 tuenda,
271 2605 390 2687 sagacis
403 2604 532 2687 ingenii.
559 2607 621 2669 Sed
637 2609 798 2670 Romanus
809 2608 967 2687 interpres
982 2625 1056 2672 cum
1069 2611 1203 2675 Phaedro
1218 2623 1273 2680 aut

115 2714 302 2777 Philodemo
329 2711 413 2794 (nam
423 2714 462 2774 de
476 2713 644 2775 voluminis
654 2711 743 2775 istius
757 2719 885 2777 anctore
894 2732 1006 2795 parum
1020 2713 1133 2797 liquet)
1145 2718 1187 2800 (2)
1201 2739 1274 2799 pro·

149 2981 186 3044 (l)
201 2977 257 3030 car.
281 2976 419 3045 Ghappuis,
439 2976 466 3026 in
482 2976 598 3027 facultate
615 2975 752 3028 litterarum
764 2977 897 3030 Vesontina
917 2977 1075 3047 philosophie
1093 2982 1222 3049 professor.
1240 3015 1272 3024 -

117 3062 166 3126 Qui
182 3062 292 3130 quidem,
311 3076 405 3112 memor
420 3059 588 3111 adolescentie
602 3060 628 3110 in
642 3062 726 3112 eadem
740 3061 823 3113 schola
845 3061 953 3114 llormali
965 3073 1038 3131 actae,
1055 3064 1116 3116 mihi
1130 3068 1196 3119 ultro
1207 3069 1274 3122 misit

117 3149 263 3217 opusculum
280 3147 311 3197 de
328 3145 462 3212 fragmento
480 3145 524 3196 illo
538 3145 726 3216 Herculanensi,
739 3146 881 3216 prinsquam
896 3146 924 3200 in
939 3150 1024 3217 vulgos
1041 3151 1204 3205 emitteretur.
1219 3154 1273 3208 lam

117 3232 186 3285 dedit
197 3247 285 3298 parum
301 3229 372 3282 claris
384 3231 479 3291 lucem,
494 3229 529 3280 ita
542 3239 571 3281 nt
583 3229 616 3281 ab
626 3228 656 3282 iis
667 3229 710 3298 qul
724 3229 863 3283 Stoicorum
875 3232 1028 3301 disciplinam
1048 3238 1160 3304 persequi
1175 3239 1272 3308 volent,

116 3316 186 3367 valde
198 3311 294 3364 laudari
306 3311 401 3363 debeat.

149 3402 186 3468 (2)
204 3422 217 3447 ι
225 3399 377 3452 Perdidicilis
391 3409 428 3451 est
437 3398 551 3467 quaestio,
568 3409 595 3451 ut
608 3400 644 3451 ait
656 3399 784 3462 Peterem,
797 3401 823 3452 in
837 3418 926 3455 nomen
941 3406 1057 3468 auctoris,
1071 3407 1114 3458 ubi
1126 3411 1217 3479 scripta
1230 3414 1274 3465 de·

116 3493 188 3548 sunt,
203 3501 307 3552 quorum
320 3482 505 3535 esimilitudine
515 3484 681 3551 conjecturam
691 3483 771 3536 lacere
788 3486 914 3554 possimus.
926 3508 939 3533 r
955 3488 999 3540 llla
1014 3499 1097 3543 tamen
1112 3491 1215 3546 Phadro
1228 3499 1273 3549 tri-

116 3573 216 3624 buenda
226 3586 277 3622 esse
290 3578 374 3637 putat,
387 3583 490 3635 eamque
502 3568 647 3619 sententiam
658 3568 807 3635 argumentis
818 3569 986 3638 probabilibus
996 3574 1083 3626 dooere
1095 3587 1207 3640 conatur,
1217 3597 1273 3648 qun

117 3655 227 3725 prolecto
243 3655 310 3722 apud
327 3652 463 3721 philologos
480 3654 545 3704 ultra
558 3652 669 3719 citraque
680 3652 794 3704 Rhenum
809 3654 852 3705 din
864 3656 971 3708 valuere.
989 3657 1054 3720 Quid
1067 3661 1153 3713 enim?
1170 3662 1273 3718 Phoedro

117 3757 168 3809 pro
185 3739 271 3792 ceteris
294 3737 420 3807 Epicureis
434 3736 520 3789 Cicero
539 3736 607 3789 dedit
627 3753 741 3805 operam,
760 3747 789 3789 ut
802 3755 832 3790 ex
850 3738 926 3807 ipsius
939 3739 1027 3793 litteris
1039 3743 1070 3793 ad
1088 3743 1116 3793 G.
1132 3745 1273 3799 llemmiurn

116 3824 197 3877 minis
210 3821 255 3891 (od
267 3827 334 3873 Fara.
346 3822 424 3888 x111,
437 3823 462 3888 1)
474 3821 589 3872 discimus
603 3837 611 3873 :
629 3820 780 3884 «Phaedrus,
793 3822 888 3890 inquit,
899 3822 970 3875 nohis
979 3842 1056 3892 quum
1069 3827 1141 3894 pueri
1151 3845 1272 3894 essemus,

115 3918 248 3975 autequam
259 3906 388 3959 Philonem
401 3904 569 3972 cognorimus,
584 3905 654 3957 valde
669 3914 698 3957 nt
714 3905 886 3975 philosophus,
901 3918 985 3976 postea
999 3917 1079 3960 tamen
1093 3918 1121 3961 ut
1139 3911 1178 3961 rir
1193 3911 1274 3966 bonus

116 4003 143 4046 et
155 3993 236 4045 suavis
246 4003 271 4045 et
286 3991 407 4043 officiosus
419 3991 578 4059 probabstur.
589 4010 602 4037 o
616 3991 735 4043 Preterea
752 3990 779 4041 in
792 3990 840 4043 alia
853 3994 884 4044 ad
897 3993 1006 4045 Atticum
1019 3993 1119 4062 epistola
1134 3997 1215 4061 (11111,
1231 4001 1273 4065 39)

117 4079 171 4130 haec
184 4080 298 4145 leguntur
313 4093 320 4130 ι
332 4098 346 4123 «
356 4076 442 4128 Libros
450 4075 525 4141 mihi,
537 4077 569 4127 de
580 4075 669 4143 qtribns
680 4077 711 4127 ed
722 4086 747 4128 te
758 4086 831 4128 antea
844 4076 941 4146 scripsi,
954 4077 1026 4129 velim
1034 4078 1126 4141 mittas,
1136 4091 1161 4132 et
1168 4080 1272 4135 maxime

119 4160 251 4228 Φαίδρου
263 4163 388 4232 περισσῶν
403 4171 429 4213 et
441 4161 565 4219 ‘eustoc
576 4180 590 4206 s
600 4188 632 4199 -
641 4160 688 4211 Th.
703 4159 830 4212 llelnesius
842 4161 919 4226 (lect.
940 4161 991 4224 111,
1005 4165 1030 4229 3)
1047 4164 1154 4218 restituit
1166 4176 1273 4222 veterem

118 4249 261 4307 lectionem,
272 4266 290 4298 π
299 4246 344 4315 spi
358 4246 452 4305 θεῶν,
462 4261 537 4312 quam
548 4254 615 4296 certe
623 4246 716 4312 recepit
724 4245 815 4298 Christ.
828 4247 956 4312 Petersen;
970 4257 996 4299 at
1008 4247 1065 4314 legit
1075 4264 1082 4299 :
1093 4251 1144 4303 καὶ
1158 4254 1272 4306 [lalisi-

1095 4357 1134 4415 26
