2790 4770
620 285 798 371 ..234

128 462 220 508 suam
235 450 416 525 opportuna
431 446 626 508 derivatione
641 447 808 523 convertit,
826 447 931 508 sinon
949 436 1281 510 «incurvicervicum»

130 553 277 633 (exempli
291 551 401 633 gratia)
418 553 559 630 adhibet,
578 554 652 634 quia
665 553 832 636 κορταυχένα
854 556 1003 618 dixerunt
1016 555 1172 632 Hellenes,
1188 557 1213 617 si
1231 557 1288 619 de·

128 660 228 739 nique
239 660 361 739 judicio
376 660 586 723 transferendi
602 667 634 724 et
647 664 744 724 modo
760 661 908 725 imitandi
930 668 1122 725 consecutus
1143 671 1200 738 est,
1223 684 1238 720 n
1252 669 1287 726 ut

128 768 218 847 quod
234 767 317 848 apud
333 767 439 847 ipsum
463 768 634 849 legerimus
649 771 790 832 alienum
814 771 927 833 melius
947 787 1045 850 quam
1066 771 1121 832 ubi
1146 771 1286 850 primum

126 874 190 937 fuit
209 875 374 952 usitatum,
397 893 509 940 sonare
525 878 680 941 miremur
699 879 754 958 (l),
770 903 784 938 r
811 885 843 941 at
866 879 953 941 idem
975 879 1156 958 aliquoties,
1181 900 1287 944 versus

127 982 305 1059 moliendo,
321 984 455 1046 licenter
470 985 592 1061 scribit,
607 1005 770 1067 quumque
782 988 915 1049 verbum
927 988 1023 1050 verbo
1038 989 1173 1051 reddere
1186 995 1288 1053 tentat

126 1091 299 1168 interpres,
314 1089 471 1151 vocabula
485 1090 634 1169 quaedam
649 1092 689 1153 ad
704 1110 822 1154 nomen
840 1091 959 1168 addita,
981 1111 1052 1172 quae
1067 1095 1116 1155 vel
1133 1094 1163 1155 in
1177 1097 1287 1156 carmi·

127 1199 225 1261 nibus
240 1199 328 1260 Arati
342 1199 514 1262 Homerire
538 1199 655 1261 trustra
672 1198 892 1280 requiruntur,
914 1220 1009 1262 ausus
1029 1207 1077 1263 est
1097 1203 1286 1280 admiscere,

125 1302 262 1384 perinde
275 1320 312 1365 ac
326 1302 352 1364 si
369 1303 529 1382 majorum
549 1304 760 1367 hereditatem
782 1323 847 1367 ase
870 1312 1051 1384 susceptam
1077 1309 1219 1386 profiteri
1234 1327 1288 1370 vo-

126 1415 249 1478 luisset.
268 1413 343 1489 Quis
361 1414 446 1477 enim
462 1412 586 1476 dubitet
600 1414 675 1494 quin
690 1414 811 1488 Cicero,
828 1414 853 1474 si
866 1432 932 1476 non
948 1415 1133 1491 Pacuvium,
1148 1416 1287 1478 Ennium

126 1528 214 1584 certe
228 1521 417 1602 magistrum
437 1520 560 1582 ditandi
582 1521 737 1582 sermonis
760 1520 919 1597 habuerit,
942 1537 1044 1600 quum
1068 1520 1138 1584 haec
1160 1521 1288 1601 scripsit

126 1628 278 1707 epitheta,
296 1645 434 1708 quorum
450 1629 572 1709 aliquot
587 1629 744 1690 aMarone
760 1632 889 1707 recepta
902 1628 1129 1707 cognovimus?

165 1842 305 1923 AEstifer,
322 1845 407 1904 Aret.
425 1844 542 1917 Pham,
559 1846 628 1906 328.
746 1841 898 1919 Mortifer,
915 1846 1004 1904 Arat.
1021 1844 1140 1918 Plan,
1155 1843 1225 1904 632.

165 1949 306 2030 Aeriper,
323 1950 417 2011 Hom.
432 1950 473 2011 Il.
492 1951 529 2030 β’,
542 1952 612 2012 306.
746 1950 887 2030 Semifer,
902 1951 991 2027 idid,
1009 1953 1080 2014 286.

167 2058 358 2135 Clarisoaus,
377 2060 462 2119 Arai.
488 2057 608 2132 Pham,
632 2061 701 2120 507.
744 2058 894 2140 Sicorim,
912 2060 1000 2134 ibid„
1018 2063 1087 2123 554.

167 2166 347 2242 horrescens,
361 2164 449 2242 ibid,
466 2168 535 2228 339.
747 2166 896 2247 spicifer,
914 2167 1003 2244 iord,
1019 2171 1088 2230 398.

167 2273 321 2349 Humiser,
337 2271 428 2350 ibid,
445 2275 514 2335 956.
744 2274 935 2353 δροοοοὶρον,
952 2275 1042 2341 tota,
1060 2278 1128 2337 517.

165 2378 291 2459 Ipatser,
307 2379 399 2457 ibid,
416 2381 484 2442 313.
743 2382 895 2461 Stelliqcr,
910 2381 1002 2456 itta,
1020 2386 1089 2444 163.

163 2491 296 2568 levipes,
311 2489 402 2565 iord,
421 2490 491 2551 338.
747 2491 774 2551 T
771 2489 925 2570 ristificos,
938 2490 1026 2566 told,
1041 2491 1111 2552 9¹2.

164 2598 348 2677 Mollipedes,
369 2597 456 2674 iota„
472 2601 542 2659 955.
746 2596 909 2677 (imbrifer,
924 2599 1017 2659 Hom.
1033 2598 1071 2660 It.
1087 2597 1122 2677 β’,
1137 2602 1206 2660 307.

161 2812 308 2891 Exceptis
320 2812 422 2875 tribus
435 2812 596 2891 epithetis,
612 2814 667 2873 illa
679 2814 786 2874 omnia
809 2811 851 2893 (9)
866 2816 1091 2875 tantummodo
1118 2831 1192 2875 cum
1207 2833 1281 2877 ver-

154 3067 192 3133 (l)
210 3065 279 3127 Quod
293 3068 323 3117 de
337 3066 438 3134 Virgilio
453 3067 515 3117 dixit
527 3035 672 3127 Macrobiis,
686 3067 742 3131 jure
756 3065 888 3115 dicendum
898 3065 929 3114 de
943 3062 1060 3114 Cicerone
1071 3062 1214 3113 existimavi.

154 3152 192 3217 (2)
209 3151 277 3203 Licet
291 3152 399 3203 versibus
413 3152 481 3202 Arati
494 3151 585 3212 absint,
600 3152 671 3218 plura
683 3160 764 3201 tamen
779 3149 863 3200 Graeco
876 3150 944 3200 sonte
957 3150 1061 3210 cadunt,
1077 3148 1114 3199 uti

469 3275 580 3341 Auriger,
597 3273 628 3323 cf.
645 3274 809 3341 χρυσοφόρος.

468 3357 614 3416 Οἰανὶοοηιιο,
629 3357 660 3408 cf.
676 3358 863 3424 λαμπρόφωνος.

468 3441 611 3509 Horrr'ficus,
629 3442 660 3491 cf.
678 3441 829 3509 ρρικοποιός.

465 3527 587 3593 Humifm,
602 3526 633 3577 ci.
648 3525 788 3592 ὑγροποιός.

464 3612 565 3680 Igniser,
580 3612 612 3661 ci,
628 3610 778 3678 πυροφόρος.

464 3697 571 3767 Levipes,
587 3695 619 3749 ci.
636 3696 760 3753 ὠκύπους.

464 3783 574 3848 Semifer,
589 3780 621 3832 ci.
636 3782 738 3848 ἡμιθήρ.

464 3870 579 3941 Spim'fer,
594 3869 625 3919 ef.
643 3866 820 3934 ἀκανθορόρος.

465 3955 613 4024 Squamiger,
633 3952 665 4009 cf.
680 3952 836 4010 λεπιδοειδής.

465 4038 606 4106 Tristificas,
622 4038 653 4088 ci.
671 4035 805 4104 χαροποιός
818 4032 953 4100 (laetificus).

466 4124 594 4191 Umbriser,
611 4123 643 4175 ci.
660 4122 801 4190 σκιορὸρος.

112 4245 178 4295 lluic
192 4244 267 4294 indici
278 4245 335 4295 addi
350 4255 445 4312 possent
459 4267 471 4290 «
487 4243 582 4295 anxiier
594 4268 606 4287 n
619 4253 656 4294 ter
670 4242 696 4291 in
708 4258 753 4292 usu
775 4239 840 4306 apud
853 4238 1004 4298 Ciceronem,
1019 4246 1044 4287 et
1058 4260 1070 4278 α
1083 4235 1204 4285 vastiheus
1216 4256 1227 4280 t
1241 4251 1271 4285 ex

110 4331 168 4381 loco
182 4330 224 4380 ubi
241 4332 350 4383 dolorem
362 4332 427 4398 luget
439 4331 562 4382 llercules.
