2790 4770
540 372 544 379 ·
612 359 813 424 -2702-

174 497 353 575 Tusculum,
374 499 430 560 lib.
447 500 497 574 ΙΙΙ,
513 516 581 578 cap.
597 503 615 560 5
632 520 692 560 ;-
712 500 850 579 «ltaque
868 498 947 559 nihil
962 497 1076 561 melius
1090 516 1187 578 quam
1201 500 1288 579 quod

132 612 226 674 estin
241 606 469 673 consuetudine
486 608 639 669 sermonis
661 608 765 681 latini,
783 626 882 687 quum
895 607 994 670 exisse
1007 625 1044 669 ex
1063 612 1223 687 potestate
1239 607 1288 668 di·

132 719 235 781 cimus
250 735 314 791 eos,
331 715 384 795 qui
398 715 540 776 effrenati
556 716 701 776 teruntur
709 722 763 775 aut
778 714 911 777 libidine
922 720 976 776 aut
990 714 1167 776 iracundia.
1186 715 1291 788 Quan-

133 934 185 996 dia
199 931 367 995 ulciscendi
378 932 479 992 iibido.
495 951 510 989 t)
527 965 565 976 -
579 932 687 993 Graece
701 929 796 1012 Ὀργὴ,
811 930 938 1012 τιμωρίας
953 931 1088 1010 ἐπιθυμία.
1146 995 1149 1002 ,

173 1043 242 1105 Lib.
256 1043 294 1113 V,
310 1058 380 1118 cap.
397 1043 438 1100 3:
455 1073 496 1084 -
513 1061 528 1097 «
609 1039 820 1118 Pythagoram
841 1043 946 1100 autem
962 1034 1164 1117 respondisse
1186 1057 1193 1099 :
1223 1062 1237 1097 u
1252 1038 1290 1100 si·

135 1152 244 1213 milem
253 1148 314 1210 sibi
323 1147 421 1209 videri
429 1148 525 1208 vitam
534 1147 701 1207 bominum
717 1151 747 1207 ct
762 1151 937 1207 mercatum
950 1140 1034 1220 eum,
1048 1145 1102 1226 qui
1117 1145 1292 1208 haberetur

136 1253 275 1317 maximo
291 1254 441 1314 ludorum
456 1260 607 1331 apparatu
620 1254 718 1315 totius
740 1254 870 1316 Graeciae
883 1254 1080 1317 celebritate.
1098 1275 1113 1312 »

177 1363 286 1424 Cicero
300 1360 425 1421 videtur
438 1362 485 1420 tot
497 1360 591 1421 verba
601 1360 653 1423 bic
669 1361 822 1440 posuisse,
840 1363 925 1441 quod
941 1363 1065 1444 nullum
1079 1361 1213 1424 haberet
1227 1377 1292 1441 quo
1376 1363 1380 1373 '

136 1488 200 1533 uuo
212 1468 377 1547 vimhujus
386 1466 484 1528 Graeci
495 1466 582 1527 verbi
597 1467 749 1549 Πανήγυρις
768 1470 946 1548 exprimere
961 1473 1078 1547 posset.
1096 1469 1147 1548 (H.
1166 1468 1292 1547 Steph.)

177 1577 249 1654 Cap.
266 1577 304 1636 28
333 1590 397 1635 :-
414 1594 429 1630 u
453 1571 635 1634 Stoicorum
659 1574 789 1651 quidem
815 1575 916 1636 facilis
938 1575 1100 1638 conclusio
1126 1580 1175 1637 est
1206 1573 1290 1654 :qui
1379 1646 1382 1656 Ι

138 1700 237 1764 quum
264 1682 359 1741 finem
386 1678 543 1739 bonorum
568 1695 635 1740 esse
650 1679 816 1754 senserint,
838 1686 1052 1761 congruenter
1065 1686 1187 1743 naturae
1203 1697 1293 1743 eum-

138 1808 201 1879 que
215 1809 251 1852 ea
265 1788 487 1851 convenienter
508 1788 643 1849 vivere...
660 1808 675 1843 n
693 1789 833 1850 -ldem
853 1790 889 1850 de
901 1791 978 1865 stra,
1004 1792 1056 1866 III,
1083 1808 1152 1870 cap.
1182 1787 1226 1853 8:
1253 1822 1293 1836 -

143 1925 158 1962 u
224 1901 326 1972 Ouum
354 1916 428 1977 ergo
453 1898 515 1958 hoc
541 1896 581 1957 sit
602 1903 779 1959 extremum
803 1905 1015 1977 congruenter
1042 1908 1165 1964 naturae
1181 1921 1296 1965 conve-

141 2007 329 2085 nienterque
350 1988 525 2083 vivere...n
552 2034 592 2046 —
619 2003 705 2064 Idem
733 2002 873 2082 daOfs,
899 2005 949 2081 III,
994 2021 1064 2084 cap.
1095 2009 1113 2067 3
1143 2026 1150 2068 :
1188 2011 1297 2070 «Ete-
1378 1987 1382 1996 ⁵

141 2119 209 2182 nim
236 2116 323 2198 quod
349 2128 510 2175 summum
537 2110 657 2172 bouum
680 2111 827 2173 aStoicis
850 2111 979 2190 dicitur,
1003 2114 1231 2177 convenienter
1245 2134 1298 2178 na·

144 2232 224 2290 turae
239 2225 341 2287 vivere
357 2239 365 2283 :
383 2223 414 2281 id
429 2219 533 2301 ,babet
558 2219 651 2295 hanc,
681 2224 717 2281 ut
733 2220 860 2297 opinor,
875 2219 1077 2298 sententiam,
1094 2239 1170 2283 cum
1182 2223 1297 2286 virtute

144 2349 319 2416 congruere
330 2347 505 2407 semper....
524 2347 539 2384 u
558 2327 619 2388 Sed
632 2326 832 2406 {etHoratius
846 2327 956 2408 (Epist.
971 2331 1009 2406 ΙΙ,
1028 2328 1075 2411 10)
1097 2350 1104 2392 :

341 2488 441 2546 Vivere
455 2497 565 2545 naturae
578 2487 600 2544 si
615 2489 812 2545 convenienter
825 2498 971 2562 oportet„
987 2531 994 2547 .
1010 2531 1016 2546 .

25 2674 28 2678 “
144 2656 231 2719 vides
242 2658 278 2714 ut
291 2652 380 2712 nulla
394 2649 494 2729 magis
518 2655 589 2729 apta
615 2650 789 2730 repererint
810 2653 962 2715 vocabula
977 2653 1092 2732 quibus
1108 2654 1218 2716 Graeca
1231 2653 1300 2715 haec

146 2762 368 2844 exprimerent,
387 2757 622 2837 Ὁμολογουμένως
636 2764 668 2839 τῇ
684 2759 759 2840 φύσει
775 2761 828 2836 ζῇν,
847 2761 896 2838 (Η.
911 2760 1034 2845 Steph.)

187 2876 230 2934 De
246 2874 452 2945 Divinatione,
469 2867 525 2929 lib.
541 2869 565 2941 l,
583 2885 651 2945 cap.
676 2870 714 2928 55
733 2887 739 2929 :
757 2901 801 2929 .-
818 2889 833 2925 «
848 2866 962 2930 Foliam
980 2874 1086 2931 autem
1107 2868 1139 2928 id
1156 2867 1295 2946 appello,

147 2987 235 3066 quod
251 2982 351 3045 Graeci
368 2976 551 3060 Εἱμαρμένην,
567 2977 667 3050 idest,
683 2977 819 3037 ordinem
828 2978 993 3059 seriemque
1007 2996 1184 3054 causarum,
1200 2992 1296 3056 quum

145 3111 239 3157 causa
256 3109 358 3154 causae
372 3105 452 3149 nexa
466 3103 534 3146 rem
550 3103 588 3146 cx
602 3103 633 3146 se
647 3086 763 3163 gignat.
779 3105 795 3143 n
1274 3063 1276 3068 ¹

186 3205 267 3268 Vide
292 3207 327 3262 ut
348 3199 456 3259 Cicero
478 3193 580 3274 Εῑρμόν
598 3199 703 3254 seriem
720 3195 945 3272 interpretatus
963 3195 1014 3256 sit.
1032 3195 1132 3257 Graeci
1149 3193 1235 3255 enim
1256 3192 1300 3252 m-

150 3307 286 3388 μαρμένην
304 3303 458 3364 definiunt
473 3298 573 3378 Etppiv
584 3302 686 3358 αἰτιῶν.
703 3301 755 3361 Sic
767 3307 797 3362 et
808 3300 883 3362 alibi
899 3320 981 3381 saepe
997 3302 1106 3363 Cicero
1121 3307 1228 3362 seriem
1243 3316 1300 3379 pro

142 3411 387 3494 continuatione
410 3415 441 3471 et
454 3410 590 3488 quadam
606 3409 690 3469 velut
714 3386 914 3487 colligatione
933 3410 1060 3489 accipit.
1076 3412 1165 3481 Quod
1181 3411 1301 3489 optime

150 3523 273 3586 nomini
288 3521 364 3581 buic
383 3540 397 3575 (ι
413 3517 512 3598 Εῑρμός
528 3539 541 3573 >i
557 3523 588 3577 et
603 3516 668 3594 ejus
682 3517 881 3596 etymologiae
896 3519 1077 3596 respondet.
1090 3520 1180 3578 ldem
1195 3524 1300 3579 tamm

152 3634 192 3692 ad
208 3632 290 3690 banc
314 3627 370 3688 lati
385 3625 601 3686 definitionem
616 3623 757 3683 alludens
777 3623 810 3682 iu
825 3623 906 3684 libro
924 3625 963 3683 de
982 3624 1112 3685 Fatoait
1127 3623 1209 3703 (cap.
1229 3623 1277 3700 ln)
1294 3639 1302 3683 ε

154 3739 232 3798 «An
252 3735 344 3794 aliter
367 3733 436 3791 bano
447 3727 619 3812 enuntiatio
636 3745 707 3788 vera
726 3744 793 3787 esse
811 3745 873 3788 non
889 3733 1003 3805 potest,
1026 3750 1040 3786 α
1054 3733 1152 3806 capiat
1171 3730 1305 3789 Naman-

151 3849 223 3909 tiom
239 3846 356 3922 Scipio,·
372 3861 387 3896 u
402 3838 462 3898 nisi
484 3855 521 3896 er
536 3835 709 3896 aeternitate
725 3853 819 3896 causa
839 3853 966 3895 causam
989 3854 1095 3897 serens
1110 3836 1172 3898 boc
1188 3836 1249 3898 erit
1262 3836 1306 3897 el-

152 3951 320 4029 lecturalu
342 3981 382 3991 -
403 3945 464 4007 Sed
484 3945 545 4005 hoc
568 3942 687 4004 neniini
706 3945 823 4005 mirum
841 3945 942 4004 videri
959 3945 1064 4020 debet,
1089 3945 1232 4025 quamvis
1247 3944 1306 4004 alia

151 4064 190 4125 sit
204 4063 331 4132 Graecae,
349 4055 409 4116 alia
424 4052 539 4113 Latinae
561 4052 647 4113 vocis
676 4053 808 4127 notatio,
838 4054 983 4114 eamdem
1000 4054 1165 4133 utriusque
1188 4053 1307 4133 signifi·

150 4170 308 4233 cntionem
323 4181 402 4228 esse.
423 4161 470 4244 (H.
485 4159 607 4240 steph.)

194 4283 255 4340 Cic.
279 4279 314 4337 de
330 4277 417 4348 Fato,
435 4290 504 4349 cap.
522 4274 539 4330 3
564 4289 570 4328 :
593 4290 654 4329 a
669 4269 756 4330 Utin
772 4270 904 4349 reliquis
922 4269 1090 4350 ejusmodi,
1114 4264 1308 4332 cataracton-

153 4391 235 4470 toqio
249 4387 344 4459 ralet3
361 4399 458 4462 quam
473 4398 531 4460 ego
552 4397 615 4439 non
627 4379 722 4456 tollo,
741 4379 785 4439 vis
801 4384 848 4440 est
860 4380 946 4440 nulla
957 4379 1101 4440 fatalis.»
