2790 4770
631 339 764 403 -292
792 373 831 386 -

150 473 217 555 μένα
241 474 420 550 transierat,
443 473 543 536 utitur
559 474 714 540 vocibus:
735 499 751 537 a
770 479 921 541 Promota
935 501 950 540 »
970 511 1010 526 -
1027 500 1043 539 a
1063 481 1226 562 Praecipua
1242 504 1258 542 o
1273 515 1317 538 .-

153 594 168 632 α
188 575 360 652 Praeposito
365 592 379 647 ;
392 594 406 630 u
423 573 517 652 atque
534 573 604 637 baec
619 574 730 653 adjicit
745 594 752 636 :
775 595 789 632 a
803 578 848 637 Re
861 576 947 638 enim
960 577 1134 655 intellecta,
1154 580 1315 661 inuverbo·

150 699 221 744 rum
236 700 294 743 usu
308 679 417 742 faciles
431 698 496 743 esse
512 682 665 745 debemus
683 684 735 764 (l).
751 706 766 743 u
783 684 841 747 Hie
855 687 968 748 saltem
983 688 1115 750 verbum
1132 707 1234 750 unum
1248 708 1315 753 uno

147 789 244 851 verbo
272 786 424 869 (quamvis
459 788 548 867 plura
577 790 807 869 proponantur)
843 794 1004 871 exprimit.
1037 796 1167 866 Quoties
1197 801 1311 859 autem

147 913 247 958 unurn
271 894 413 973 pluribus
432 892 676 974 interpretatur!
702 899 777 970 Quae
794 916 835 959 ne
850 898 973 978 singula
994 918 1180 964 enumerem
1197 901 1314 974 (abun-

147 1007 223 1067 dant
238 1005 323 1066 enim
338 1004 493 1082 exempla,
509 1004 543 1064 in
554 1005 673 1067 Timaeo
688 1004 889 1086 praesertim),
907 1024 1006 1086 pauca
1028 1007 1098 1069 baec
1112 1007 1316 1071 animadver-

146 1117 194 1174 tas
208 1110 328 1173 velim:

188 1324 402 1386 Θεοσεὸέστατον
419 1324 471 1406 (τὸ)
498 1325 589 1406 (Plat.
611 1327 706 1405 Tim„
724 1329 782 1410 lt),
800 1332 885 1409 quod
910 1333 1010 1394 estad
1029 1331 1152 1393 cultum
1166 1332 1312 1393 Deorum

147 1433 360 1513 aptissimum.

186 1537 278 1611 Νοητὰ
296 1541 350 1608 ζῶα
366 1536 420 1620 (τὰ)
439 1540 527 1618 (Plat.
547 1540 641 1617 Tim,
662 1541 704 1622 4),
735 1543 790 1622 qui
810 1542 917 1607 animo
939 1549 1114 1607 cernuntur
1133 1549 1165 1607 et
1183 1543 1311 1607 ratione

143 1647 363 1728 intelliguntur
377 1636 563 1709 animantes.

131 1823 133 1826 ,
182 1755 314 1816 Ξυναίτια
325 1755 415 1834 (Plat.
432 1755 527 1833 Tim,
546 1757 605 1833 lt),
622 1774 693 1834 quae
708 1774 816 1819 rerum
831 1776 939 1821 causas
953 1758 1112 1838 adjuvant.

183 1864 269 1925 Φιλία
291 1863 381 1943 (Plat.
399 1863 494 1939 Tim,
515 1863 558 1941 4),
575 1880 709 1925 concors
722 1865 861 1928 amicitia
877 1870 908 1927 et
923 1865 1047 1927 caritas.

183 2081 272 2152 Quod
286 2080 430 2159 prolecto
445 2067 557 2141 vitium
571 2079 716 2141 Ciceroni
727 2081 817 2144 facile
831 2081 1029 2157 conceditur,
1044 2081 1070 2141 si
1083 2080 1171 2159 prius
1184 2081 1306 2143 videris

143 2191 325 2252 Graeoorum
347 2188 486 2265 linguam
503 2187 603 2249 multo
616 2187 829 2266 copiosiorem
851 2207 917 2251 esse
940 2205 1035 2267 quam
1053 2186 1208 2263 Latinam,
1232 2206 1306 2268 quae

143 2284 251 2360 simul
268 2298 406 2377 propriae
435 2295 497 2358 sint
525 2315 562 2358 ac
577 2298 663 2359 velut
685 2297 801 2360 innatae
823 2284 1096 2376 cuique'sermoni
1110 2298 1306 2374 locutioneS‚

143 2405 244 2484 qualis
259 2403 396 2481 denique
409 2420 515 2464 rerum
530 2403 650 2465 novitas
666 2408 759 2478 esset,
773 2420 850 2482 quas
868 2404 1008 2486 primum
1023 2403 1137 2464 litteris
1161 2404 1307 2466 romanis

141 2512 262 2572 Tullius
287 2527 439 2572 exornare
459 2511 603 2572 voluerit.
629 2513 694 2582 Qua
713 2527 787 2572 vero
805 2510 928 2572 ratione
946 2527 995 2572 res
1010 2511 1091 2571 adeo
1107 2510 1270 2572 inusitatae
1289 2530 1307 2572 a

142 2617 244 2679 doctis
269 2616 470 2694 indoctisque
500 2622 628 2693 possent
655 2616 801 2695 intelligi,
832 2617 865 2676 id
890 2617 1075 2679 Ciceronem
1097 2617 1308 2679 vehementer

142 2725 334 2788 sollicitavit.
352 2726 420 2786 Non
436 2725 532 2785 modo
550 2724 701 2786 inauditis
714 2725 817 2786 verbis
832 2742 959 2802 perraro
975 2744 1049 2786 usus
1065 2729 1122 2800 est,
1140 2724 1307 2786 sedetiam

143 2835 274 2898 nomina
287 2836 394 2896 Graeca
409 2832 499 2912 juxta
512 2832 622 2894 Latina
636 2832 810 2911 saepissime
825 2832 931 2910 posuit
945 2849 953 2892 :
969 2837 1090 2894 tantam
1105 2832 1209 2893 inesse
1221 2832 1256 2892 in
1269 2850 1307 2894 eo

141 2940 348 3019 cupiditatem
363 2939 491 2998 luminis
505 2939 647 2999 oratione
662 2938 754 2998 rebus
773 2935 944 2998 adhibendi
959 2937 1164 3014 perspicuum
1180 2941 1243 2998 est!
1260 2940 1306 2998 Ne

145 3047 222 3126 quid
245 3046 427 3107 inconsulte
452 3047 541 3106 fieret
562 3045 593 3105 in
613 3045 668 3106 illo
682 3051 796 3106 conatu
816 3044 995 3122 studioque,
1012 3062 1206 3124 magnopere
1221 3066 1306 3125 prae-

144 3157 320 3218 cavendum
333 3153 392 3214 sibi
407 3154 525 3213 Tullius
541 3153 743 3215 existimavit.
769 3157 830 3215 Nee
846 3154 952 3214 irritus
975 3154 1042 3232 eJus
1067 3154 1185 3217 cecidit
1200 3156 1305 3217 labor.

144 3267 222 3325 Nam
250 3281 348 3341 quum
380 3252 490 3338 postea
506 3262 539 3320 in
568 3262 883 3340 interpretationibus
908 3263 1067 3324 Ciceronis
1089 3264 1198 3324 Graeca
1213 3282 1308 3326 voca-

61 3354 63 3358 ’
144 3373 218 3433 bula
233 3370 350 3431 Latinis
374 3368 495 3447 adjecta
509 3370 699 3448 legerentur,
721 3370 881 3449 quomodo
898 3371 979 3431 ullus
995 3371 1083 3431 locus
1102 3372 1307 3451 ambiguitati

42 3505 44 3509 ’
142 3479 276 3540 luisset?
303 3476 403 3537 Cuivis
431 3477 600 3538 enimbaec
627 3494 762 3550 sumere,
787 3476 841 3536 illa
870 3475 1038 3555 repudiare
1065 3475 1205 3537 liberum
1233 3475 1308 3547 fuit,

145 3592 240 3666 prout
264 3589 337 3663 apta
354 3589 407 3644 aut
432 3585 512 3644 male
531 3583 647 3643 idonea
662 3581 859 3662 videbantur.
875 3582 965 3642 Unde
981 3580 1215 3659 posterioribus
1230 3582 1310 3642 Phi-

113 3756 122 3777 ,
143 3692 284 3773 losephis
300 3692 452 3771 permissa
468 3697 515 3752 est
527 3692 658 3751 facultas
668 3692 775 3751 Graeca
787 3690 918 3767 impunc
929 3689 1074 3751 tollendi.
1092 3689 1173 3760 Quid
1189 3707 1309 3769 nempe

144 3800 188 3860 eis
204 3798 374 3877 profuisset
388 3797 442 3856 illa
457 3814 564 3855 rursus
587 3793 737 3869 scribere,
754 3811 852 3872 quum
865 3794 1072 3873 jampridem,
1089 3797 1218 3858 volente
1233 3815 1308 3871 usu,

144 3908 177 3968 in
191 3903 432 3968 honore'essent
444 3902 544 3961 multa
572 3900 731 3962 Ciceronis
747 3900 852 3974 verba,
875 3900 938 3961 sive
955 3919 1045 3975 nova,
1063 3902 1127 3963 sive
1141 3903 1307 3978 translata,

143 4029 202 4073 nec
219 4013 258 4072 de
273 4008 366 4070 variis
383 4023 491 4066 corum
507 4004 651 4066 sensibus
663 4005 697 4063 in
709 4021 850 4064 errorem
864 4002 932 4081 rapi
951 4008 1059 4082 posset
1073 4003 1244 4066 bominum
1260 4007 1307 4066 vel

177 4341 212 4405 (l)
232 4340 269 4388 De
282 4333 335 4388 Fan.
352 4333 395 4396 lll,
417 4339 454 4387 lo.
