2790 4770
530 349 726 411 —307-

92 480 235 562 Denique
251 481 368 563 Lingua
381 482 477 546 latina
489 482 593 547 minus
607 484 639 546 in
654 478 826 547 reconditis
840 480 933 544 rebus
943 483 1064 542 versata
1078 478 1209 559 <quippe

51 604 123 667 quoe
143 587 183 650 ab
199 587 381 653 hominibus
396 589 471 653 belli
485 589 622 654 maxime
639 608 676 655 ac
689 590 789 654 civilis
801 588 944 652 scientiae
959 585 1109 650 studiosis
1121 603 1211 648 usur·

52 697 127 771 pata
140 691 193 774 sit)
208 694 322 774 saepius
345 694 516 779 aphysicis
542 696 637 760 uerba
664 695 801 759 mutuari
827 700 858 758 ct
878 695 1029 757 translata
1049 692 1210 773 divulgare

10 804 14 817 '
53 798 192 863 amabat.
209 801 285 864 lnde
300 807 331 866 et
345 802 466 866 diversa
479 802 600 867 ratione
614 802 707 886 patrii
726 804 882 866 sermonis
904 808 935 865 ct
950 818 1056 864 rerum
1072 799 1210 863 novitate

54 906 98 969 ld.
113 906 235 971 'Pullius
248 908 282 971 in
293 910 411 974 Timaeo
425 912 549 975 Platoni
564 913 665 976 multo
680 909 813 975 interior
826 916 971 992 apparet.

93 1013 276 1095 illitamen,
304 1023 341 1080 ut
365 1017 489 1099 opinor,
512 1018 552 1082 ab
576 1018 708 1083 eruditis
732 1018 875 1098 ejusdem
903 1015 1012 1080 smeuli
1034 1020 1113 1078 actas
1140 1017 1214 1076 sunt

55 1119 176 1203 gratioe,
201 1124 286 1203 qnod
314 1129 361 1187 tot
385 1122 664 1199 conformationes,
696 1129 744 1187 tot
770 1123 865 1187 rerba
887 1121 984 1186 etiam
1006 1118 1166 1184 transtulit
1181 1116 1213 1180 in

55 1224 204 1305 latinum,
220 1233 255 1291 ut
268 1227 383 1310 linguae
397 1229 491 1292 simul
507 1235 538 1293 et
556 1227 733 1293 litterarum
759 1229 848 1309 operi
869 1229 1019 1292 inchoato
1046 1227 1135 1310 quasi
1160 1227 1218 1289 ias·

55 1332 172 1416 ligium
193 1334 390 1417 imposuerit.
408 1336 602 1401 Admirabile
615 1343 662 1401 est
676 1336 762 1400 enim
788 1341 944 1417 quantum
961 1335 1024 1399 sive
1040 1336 1125 1415 apud
1140 1353 1211 1415 poe·

55 1444 115 1515 tas,
139 1439 205 1505 sive
232 1444 314 1523 apud
336 1460 443 1507 rerum
466 1444 637 1526 scriptores
651 1461 688 1507 ac
704 1443 928 1524 Philosophos,
945 1462 994 1507 res
1016 1443 1131 1524 patria,
1149 1448 1218 1506 tam

56 1549 166 1613 tenuis
193 1549 226 1612 in
250 1548 418 1632 principio,
435 1550 630 1615 admixtione
657 1552 839 1616 Graecarum
852 1569 950 1632 opum
965 1557 1057 1614 aucta
1076 1548 1173 1613 luerit
1186 1555 1219 1613 et

10 1734 13 1743 Ι
54 1661 232 1722 exornata:
254 1658 353 1721 multa
371 1657 559 1740 repudiavit,
573 1658 666 1738 plura
678 1663 785 1721 autem
799 1658 930 1722 admisit
945 1659 1156 1721 consuetudo.
1175 1658 1220 1721 lix

10 1748 15 1861 [
55 1761 123 1829 illis
139 1764 342 1847 (utexemplo
353 1765 671 1846 utarlsententiarum
681 1764 990 1830 conformationibus
1001 1782 1073 1828 vere
1084 1764 1216 1839 Grecis,

10 1880 12 1889 '
56 1890 140 1957 quas
157 1871 219 1937 sibi
245 1873 379 1954 sumpsit
406 1872 667 1956 interpretatione
690 1872 824 1954 Tullius,
856 1874 1030 1937 maximum
1054 1889 1224 1936 numerum

58 1980 186 2061 recepit
209 1999 297 2045 usus.
318 1982 437 2062 ltaque,
458 1986 493 2046 ut
508 1984 637 2061 llumen,
663 1979 793 2063 inquod
809 1982 1026 2064 largusamnis
1045 1980 1158 2055 inlluit,
1173 1999 1225 2044 su·

10 2070 14 2105 ⁸
58 2089 133 2154 bito
146 2089 251 2172 surgit
267 2095 298 2154 et
319 2090 380 2153 late
404 2089 588 2166 effunditur,
605 2089 650 2154 ita
668 2090 774 2172 lingua
788 2092 897 2155 Latina
918 2092 951 2153 in
966 2091 1067 2172 majus
1081 2091 1180 2153 crevit
1195 2095 1227 2153 et

59 2197 198 2262 omnino
213 2195 405 2278 amplificata
419 2202 476 2261 est.
490 2197 611 2262 Eadem
635 2217 731 2262 novas
748 2206 920 2263 consecuta
937 2199 1088 2275 virtutes,
1107 2198 1225 2279 quibus

10 2338 18 2391 p
59 2300 209 2367 abundat
224 2302 379 2366 Germana
392 2321 492 2380 soror,
513 2303 720 2367 nihilominus
739 2323 810 2367 suas
834 2304 973 2370 retinuit.
999 2305 1124 2369 Atticus
1139 2305 1226 2367 enim

10 2394 18 2537 J
58 2407 149 2492 <quis
169 2409 344 2491 erederett)
373 2409 406 2472 in
419 2409 622 2494 Philosophia
642 2412 744 2475 iactus
768 2419 815 2476 est
832 2412 943 2477 Cicero
966 2431 972 2474 :
997 2417 1028 2476 et
1041 2429 1226 2494 quanquam

10 2548 15 2593 ;
58 2515 250 2598 agnoscitur
269 2515 497 2598 grandiloquus
509 2523 617 2582 orator
638 2519 693 2601 (l),
719 2536 756 2581 ex
774 2518 842 2601 ipso
870 2536 984 2601 genere
1004 2518 1137 2600 dialogi,
1159 2517 1225 2600 qui,

63 2622 174 2687 minus
200 2621 347 2687 incitatus
373 2640 410 2688 ac
429 2622 532 2688 brevis
559 2642 654 2705 quam
677 2641 782 2688 sermo
805 2625 997 2698 Platonicus,
1012 2625 1226 2706 amplissimas

10 2736 14 2763 ·
62 2726 214 2793 continet
225 2727 524 2810 argumentationes,
552 2746 608 2793 seu
630 2730 774 2794 docentis
794 2733 936 2814 magistri
952 2739 1056 2812 partes
1072 2731 1227 2795 sustineat

10 2814 14 2861 ·’
66 2834 168 2911 solus,
186 2852 242 2898 seu
257 2835 393 2918 quisque
407 2836 479 2900 loco
492 2853 565 2899 suos
580 2854 690 2900 sensus
704 2838 851 2918 explicet,
863 2837 915 2901 ille
927 2844 1046 2916 tamen,
1056 2837 1144 2918 quasi
1160 2855 1228 2899 mu·

10 3020 12 3025 Ι
71 2946 141 3005 tato
155 2938 241 3017 stilo,
269 2940 301 3004 in
321 2958 411 3004 suam
429 2958 496 3006 rem
511 2941 614 3005 aliena
633 2943 716 3006 bona
737 2949 919 3026 opportune
940 2944 1107 3008 convertit.
1125 2943 1228 3006 Voca-

10 3030 13 3037 ’
66 3044 157 3122 bula,
188 3045 376 3125 locutiones,
399 3049 549 3113 orationis
576 3050 858 3131 coniormationes,
879 3051 988 3114 omnia
1010 3051 1148 3132 denique
1165 3046 1226 3112 sibi

27 3192 30 3197 -
66 3152 251 3231 vindicavit,
266 3172 337 3236 quo
353 3172 425 3218 cum
440 3155 547 3237 lingua
562 3155 659 3220 latina
670 3174 844 3239 congruere
854 3158 1144 3241 posseccnlldebat.
1157 3159 1226 3238 lpse

30 3250 40 3277 '⁸
67 3278 130 3345 pro
143 3261 290 3340 exemplo
303 3259 540 3344 luitquantaex
554 3260 872 3342 interpretationibus
890 3266 1073 3329 Graecorum
1092 3282 1226 3347 operum

67 3372 125 3433 aut
149 3366 294 3449 diligenti
316 3367 421 3432 studio
445 3367 565 3451 percipi
587 3376 694 3448 posset
720 3369 850 3434 utilitas.
876 3371 1032 3445 Quocirca
1052 3372 1228 3436 imitatores

25 3512 28 3519 ·
67 3468 196 3551 hebuit,
222 3490 328 3556 neque
344 3491 485 3557 unquam
499 3474 657 3538 Romanos
675 3480 784 3554 postea
801 3477 1084 3555 poenituittlraecas
1098 3497 1229 3544 eonsec-

68 3582 134 3649 lsri
148 3580 355 3647 munditias«
369 3581 571 3647 Consuetudo
588 3581 687 3646 tenuit
701 3584 820 3661 Romae,
832 3606 846 3644 x
862 3586 967 3666 quoad
983 3586 1100 3649 Latinae
1116 3586 1230 3650 littera

68 3690 254 3773 viguerunt,
271 3695 306 3753 ut
329 3688 418 3769 pueri
431 3687 525 3751 simul
543 3693 712 3767 utramque
727 3686 866 3769 linguam
887 3692 1138 3755 aGrammaticis
1152 3693 1229 3755 cdo·

70 3801 235 3860 cenentur.
245 3794 391 3876 Legimus
405 3794 491 3857 enim
504 3792 587 3874 apud
599 3792 839 3874 Quintilianum,
857 3795 889 3859 in
911 3797 1015 3876 primo
1031 3798 1086 3860 illo
1104 3798 1230 3861 institu-

29 3920 34 3929 ·
72 3903 172 3967 tionis
186 3903 333 3968 oratorias
355 3903 449 3981 libro,
464 3904 674 3969 erudiendum
693 3922 760 3969 esse
776 3905 864 3986 prius
878 3906 995 3969 Graecis
1011 3923 1148 3986 puerum
1165 3907 1230 3969 dis·

74 4008 215 4092 ciplinis,
230 4029 294 4092 quc
309 4011 430 4076 facilius
443 4012 507 4076 vim
517 4012 633 4094 linguae
648 4014 826 4076 vernacula
837 4016 952 4078 sentiat
965 4020 1062 4095 atque
1075 4032 1112 4077 ea
1126 4020 1232 4078 ulatur

74 4117 293 4196 commodius,
309 4126 476 4201 postquam
490 4120 530 4185 ab
545 4120 613 4201 ipsa
623 4121 720 4204 stirpe
735 4121 931 4203 exploratam
948 4122 1105 4186 habuerit.
1122 4125 1233 4186 Narrat

111 4343 152 4410 (1)
165 4364 179 4390 ι
191 4344 289 4414 designa
303 4344 388 4397 mstis
394 4342 536 4417 presidium
549 4345 595 4398 reis
607 4367 630 4413 s,
644 4355 672 4399 ut
683 4345 782 4400 Asinius
795 4345 883 4414 Pollio,
895 4363 957 4417 sape
969 4347 1023 4400 luit.
