2790 4770
671 360 872 426 -260-

192 509 296 568 motus
310 501 377 565 sine
395 517 501 578 causa,
517 518 582 564 non
595 501 699 564 omnis
717 521 732 560 u
742 501 939 576 Enunriatia
955 521 969 560 u
987 500 1073 581 quod
1095 497 1216 580 Ἀξίωμα
1228 500 1352 564 Dialec-

96 688 99 692 Ι
192 610 245 673 tici
261 610 432 690 appellant,
449 611 504 670 aut
516 625 588 671 vera
603 613 658 671 aut
677 609 755 670 falsa
774 608 845 671 erit.

228 718 345 780 Ibidem
357 735 368 778 :
379 751 418 763 -
434 718 542 796 ltaque
556 717 670 780 tertius
685 715 816 796 quidam
831 723 936 780 motus
949 716 1052 780 oritur
1064 721 1153 780 extra
1173 719 1306 796 pondus
1316 722 1352 781 at

190 826 324 905 plagam,
352 843 451 905 quum
482 824 618 902 declinat
637 831 761 888 atomus
786 821 956 888 intervallo
973 827 1111 887 minimo.
1142 824 1181 886 Id
1209 825 1351 903 appellat

189 932 361 1015 Ἐλάχιστον.
581 914 583 918 ¹
937 912 940 917 ν

226 1043 300 1121 (lap.
325 1043 363 1102 li
382 1059 389 1102 ε
406 1072 446 1086 -
464 1042 533 1111 Neu⁸
549 1057 607 1101 nos
624 1038 780 1118 impediet
794 1040 852 1103 illa
865 1044 977 1120 tquaua
993 1047 1082 1117 ratio,
1110 1059 1183 1121 quae
1200 1040 1346 1103 dicitur:

187 1148 364 1229 appellatur
389 1145 475 1209 euim
498 1146 628 1227 quidam
656 1165 674 1208 a
697 1147 895 1229 philosophis
913 1145 1002 1229 Ἀργὸς
1015 1149 1092 1228 λόγος
1097 1164 1108 1228 ;
1127 1148 1181 1212 cui
1196 1145 1222 1208 si
1239 1165 1350 1227 parea·

186 1277 267 1332 mus,
283 1256 508 1320 nihilomnino
523 1274 652 1336 agamus
666 1256 700 1317 in
718 1257 794 1320 vita.

636 1519 673 1566 De
685 1514 797 1584 Legibus,
813 1515 857 1567 lib.
870 1514 892 1568 Ι.

95 1791 100 1800 .
223 1737 298 1817 Gap.
314 1738 334 1798 6
351 1756 357 1797 :
374 1768 415 1781 -
482 1737 592 1815 Itaque
610 1736 804 1800 arbitrantur
818 1739 1021 1818 prudentiam
1036 1756 1103 1800 esse
1119 1738 1237 1817 legem,
1255 1738 1344 1818 cujus

184 1862 220 1907 ea
235 1842 279 1907 vis
294 1844 345 1918 sit,
363 1848 398 1905 ut
416 1849 502 1906 recta
529 1845 632 1906 iacere
649 1845 770 1923 jubeat,
786 1851 870 1908 vetet
890 1847 1075 1926 delinquere
1085 1865 1102 1906 ·:
1120 1860 1262 1924 eamque
1273 1863 1342 1930 rem
1363 1870 1370 1876 ·

184 1952 229 2014 illi
257 1955 367 2014 Graeco
391 1956 502 2030 putant
521 1952 663 2029 nornine,
690 1971 708 2013 a
736 1971 828 2015 suum
854 1954 969 2034 cuique
996 1953 1183 2030 tribuend0,
1203 1954 1347 2033 appella·

183 2066 249 2122 tam
263 2058 321 2138 (ll;
339 2075 397 2137 ego
415 2050 537 2135 nostro,
553 2076 570 2119 a
585 2058 731 2140 legendo.

223 2167 298 2243 (lap.
312 2169 350 2225 22
370 2181 376 2224 :
391 2164 489 2225 -lta
502 2166 547 2238 fit,
562 2169 597 2226 ut
607 2169 708 2226 mater
722 2165 866 2228 omnium
882 2165 1037 2227 honarum
1047 2162 1168 2224 artium
1182 2161 1347 2242 Sapientia

183 2271 237 2347 sit;
255 2291 270 2333 a
288 2271 378 2352 cujus
392 2290 498 2342 amore
509 2272 619 2334 Graeno
632 2273 729 2335 verbo
744 2271 895 2356 Φιλοσοφία
910 2269 1165 2346 nomeninuenit‚
1183 2288 1250 2350 qua
1265 2269 1346 2331 nihil

182 2398 200 2441 a
226 2378 291 2441 Diis
314 2380 548 2442 immortalibus
576 2378 716 2456 uberius,
738 2380 817 2442 nihil
834 2380 1009 2458 florentius,
1024 2378 1104 2440 nihil
1126 2378 1342 2459 praestabilius

183 2488 352 2550 hominum
367 2488 444 2552 uitae
459 2488 571 2550 datum
586 2491 645 2549 est.

644 2746 680 2793 ne
694 2748 763 2812 reg„
779 2743 824 2796 un.
841 2743 874 2795 u.

227 2969 301 3047 Gap.
314 2969 352 3027 la
366 2984 373 3026 z
390 2998 430 3010 —
443 2965 607 3042 Quumque
627 2963 722 3038 Vesta,
739 2963 826 3043 quasi
837 2964 926 3024 forus
937 2965 1034 3037 urbis,
1047 2966 1203 3028 utGraeoo
1217 2967 1348 3028 nomine

187 3079 235 3136 est
255 3074 413 3152 appellata
435 3071 531 3149 (quod
547 3088 603 3130 nos
628 3087 727 3147 prope
754 3071 842 3131 idem
871 3071 911 3151 (⁶2)
928 3073 1073 3134 Graecum
1092 3071 1344 3152 interpretatum

189 3198 306 3242 noman
320 3178 487 3254 tenemus),
509 3180 662 3255 consepta
678 3178 755 3238 sit...

230 3290 305 3364 Gap.
322 3289 358 3346 13
381 3304 440 3345 :-
453 3281 686 3358 mutuationem,
704 3301 800 3362 quam
814 3284 915 3346 Graeoi
934 3284 1071 3359 Μαντικὴν
1085 3287 1265 3365 appellant,
1281 3304 1347 3350 esse

194 3423 347 3470 cense0...

233 3517 307 3593 Cap.
323 3516 362 3574 26
384 3532 390 3573 ι
408 3513 505 3571 —De
529 3508 704 3588 sepulchris
726 3516 831 3571 autem
846 3508 924 3570 nihil
947 3517 995 3572 est
1012 3511 1096 3588 apud
1113 3512 1271 3576 Solonem
1284 3530 1349 3574 am·

194 3626 286 3705 pliuS,
313 3638 419 3701 quam,
443 3640 457 3676 u
470 3637 509 3679 ne
535 3619 605 3696 quis
620 3635 656 3678 aa
671 3618 785 3692 deleat,
811 3635 887 3679 neue
904 3618 1042 3680 alienum
1058 3618 1190 3696 inferat3
1211 3645 1226 3681 u
1247 3639 1351 3703 poena·

196 3749 256 3811 que
283 3735 340 3805 est,
383 3748 396 3783 u
411 3725 436 3787 si
459 3725 527 3804 quis
550 3725 668 3786 bustum
692 3723 777 3803 (nam
804 3725 836 3784 id
866 3731 942 3803 puto
975 3727 1128 3806 appellari
1152 3728 1278 3810 Τύμὸον)
1301 3734 1352 3790 aut

194 3841 449 3908 monumentum,
481 3832 600 3910 inquit,
629 3838 683 3893 aut
715 3832 896 3892 columnam
925 3833 1067 3910 violarit,
1097 3834 1267 3914 damnarit,
1297 3838 1352 3898 ire·

197 3945 288 4026 gerit.
308 3966 322 4002 u

229 4300 265 4364 (1)
283 4296 391 4347 Graeeum
405 4307 494 4342 nomen
507 4299 542 4340 est
557 4289 641 4355 Νόμος
656 4288 704 4339 ἀπὸ
718 4294 762 4339 τοῦ
776 4290 866 4353 νέμειν.

229 4383 266 4448 (2)
284 4382 394 4432 Graecum
408 4382 444 4428 est
465 4374 561 4427 Ἑστία.
