2790 4770
542 262 746 327 -279-

465 402 669 484 Philosophia
682 402 735 483 (l).

465 509 612 592 Physica.

465 617 646 682 Rhetorica.
682 612 685 617 ’

112 827 186 891 Alia
213 844 287 889 sane
300 827 399 890 multa
419 825 560 905 ejusdem
583 823 716 905 generis,
742 826 778 885 ut
791 821 835 885 ait
849 821 959 885 Cicero
975 820 1029 901 (2),
1052 821 1226 901 quasivero

70 935 169 999 latina
195 932 228 994 in
250 935 372 996 honore
394 934 501 1009 fuisse,
515 910 593 1013 'quis
607 931 750 1012 ignorat?
762 929 856 991 Plura
870 930 936 1010 jam
953 930 1055 993 multo
1067 930 1223 1009 superius,

72 1059 174 1122 quum
189 1043 229 1103 de
244 1041 357 1121 graecis
370 1041 564 1117 nominihus,
577 1039 892 1120 quaelegunlurapud
908 1042 1027 1116 poetas,
1040 1055 1140 1116 pauca
1162 1036 1227 1098 dis-

71 1151 168 1226 serui,
185 1150 329 1228 prolerre
349 1149 428 1210 mihi
451 1149 553 1211 visum
575 1152 632 1210 est.
652 1149 742 1209 Nunc
756 1164 830 1209 vero
848 1146 908 1214 alia
922 1147 1081 1226 quaedam,
1098 1144 1172 1207 licet
1185 1146 1224 1206 ad

70 1259 172 1321 varias
183 1263 265 1320 artes
283 1264 336 1320 aut
350 1257 544 1337 disciplinas,
561 1275 626 1318 non
643 1255 682 1317 ad
695 1253 944 1333 Philosophiam,
966 1253 1155 1332 pertineant,
1170 1252 1226 1313 ad-

67 1365 198 1444 juvante
223 1365 264 1428 hl.
287 1364 419 1439 Nizolio,
442 1381 627 1425 enumerare
648 1381 711 1424 non
727 1362 878 1436 dubitavi,
897 1366 1066 1440 propterea
1081 1360 1226 1439 quodlo-

70 1471 283 1552 cupletissimi
299 1477 444 1534 auctores
459 1478 491 1534 et
508 1471 667 1551 inprimis
692 1472 812 1533 Seneca
826 1470 977 1548 pleraque
996 1485 1119 1544 eorum,
1139 1467 1223 1530 haud

70 1598 163 1643 secus
177 1596 214 1641 ac
228 1579 255 1640 si
267 1581 410 1640 Romana
424 1584 536 1654 essent,
551 1584 792 1658 usurpaverunt.

108 1769 337 1858 Acratophora',
355 1777 415 1839 vid.
431 1779 471 1840 de
484 1778 563 1854 Fin,
580 1779 631 1852 lli,
646 1781 678 1840 l.

108 1887 181 1960 Aer,
197 1885 307 1947 Senec.
322 1888 354 1946 et
365 1890 449 1964 poet.

108 1995 244 2069 Ancora,
259 2012 308 2072 ap.
330 1998 416 2072 poet.

106 2100 320 2176 Architectus,
338 2100 511 2162 architecta
527 2099 631 2177 (Ptin,
647 2099 684 2175 X,
699 2097 759 2178 77).

105 2208 351 2270 Architectones
371 2207 469 2289 (San,
487 2224 538 2288 ep.
551 2204 614 2287 90).

105 2314 338 2389 Architectura,
355 2313 418 2376 vid.
433 2314 552 2376 Vitruv.

104 2421 292 2500 Astrologia,
310 2440 360 2500 ap.
376 2423 501 2497 senec,
521 2439 571 2499 ep.
587 2423 637 2496 95,
656 2419 771 2499 legitur
787 2420 991 2482 astronomia.

102 2529 301 2607 AstrologuS,
321 2527 381 2588 vid.
396 2528 534 2605 Lucret,
545 2528 582 2605 V,
598 2531 668 2590 729.

96 2759 133 2822 (1)
150 2757 202 2806 lloc
228 2772 319 2807 nomen
330 2778 343 2802 a
353 2754 534 2826 Philosophia»
548 2756 674 2807 Ciceronis
687 2766 756 2806 aetate
770 2756 880 2806 noudum
898 2772 944 2805 usu
964 2755 1051 2806 tritum
1071 2766 1130 2806 crat.
1152 2755 1223 2818 Quod

60 2841 161 2907 quidem
171 2859 201 2892 ex
214 2842 326 2908 pluribus
339 2841 371 2891 hl.
383 2841 459 2893 Tullii
472 2842 531 2892 loeis
543 2841 646 2908 intelligi
660 2852 784 2908 potest-
794 2840 822 2890 ln
835 2846 906 2892 Tasc.
917 2840 936 2906 l,
951 2845 959 2891 i
977 2843 1077 2908 legimus
1089 2861 1094 2893 :
1111 2865 1123 2888 a
1134 2840 1221 2891 Studio

59 2925 187 2994 sapientia,
201 2943 255 2992 quae
269 2928 407 2993 Φιλοσοφία
422 2927 526 2989 dicitur3
541 2952 552 2971 n
562 2928 604 2978 ubi
616 2929 666 2993 jam
676 2929 704 2979 F.
715 2929 743 2977 Α.
756 2928 825 2978 Wolf
836 2937 903 2978 reete
917 2928 1027 2979 monuit:
1041 2950 1052 2972 a
1065 2925 1221 2998 Philosophia

60 3032 111 3067 war
123 3015 149 3064 in
161 3019 220 3064 Rom
235 3015 297 3064 noch
305 3015 359 3065 lein
372 3013 550 3083 gewihnliches
568 3019 636 3068 Wort
652 3015 730 3065 daher
743 3015 883 3080 amschreibt
892 3019 984 3068 Cicero.
994 3041 1006 3060 n
1020 3047 1052 3056 -
1060 3017 1097 3068 Cf.
1109 3015 1140 3066 de
1149 3020 1220 3073 Orat.

58 3097 79 3158 l,
95 3103 121 3160 3,
139 3100 236 3165 scripsit
248 3100 336 3150 litteris
349 3101 431 3166 graeeis
445 3103 604 3166 Φιλοσοφίαν.
616 3131 647 3140 -
656 3126 668 3144 «
680 3101 750 3163 Quod
764 3103 865 3153 verbum
881 3119 1021 3169 quanquam
1033 3103 1059 3153 in
1073 3103 1182 3169 epistolis
1195 3114 1221 3155 et

58 3182 87 3232 in
101 3181 140 3244 iis,
150 3183 194 3249 qui
205 3183 236 3233 ad
244 3182 428 3250 Philosophiam
442 3194 466 3235 et
473 3182 605 3236 Rhetorica
618 3186 751 3252 pertinent,
764 3187 842 3246 libris,
851 3187 983 3237 sexcenties
996 3188 1126 3253 reperitur,
1140 3198 1222 3239 tamen

58 3271 86 3320 in
100 3272 259 3334 orationibus,
271 3289 324 3338 quae
339 3272 366 3321 in
380 3287 425 3321 usu
439 3272 495 3322 vitae
507 3273 642 3323 communis
652 3283 788 3338 versantur,
798 3275 845 3323 nisi
858 3276 883 3323 in
894 3275 1004 3324 eratione
1018 3274 1147 3325 Pisoniana
1156 3292 1221 3325 nun-

57 3372 133 3422 quam
146 3357 243 3422 legitur.
262 3355 311 3406 Nec
330 3370 402 3416 vero,
414 3371 490 3421 quum
500 3354 548 3422 {illa
562 3357 641 3407 oratio
653 3357 684 3406 ad
697 3356 780 3407 Patres
794 3357 962 3424 Consoriptos,
978 3374 1026 3407 non
1041 3358 1072 3407 ad
1086 3360 1218 3425 populum,

56 3434 154 3498 habita,
164 3437 298 3488 identidem
307 3454 345 3488 res
352 3437 447 3488 Graecas
455 3448 480 3489 ct
491 3438 622 3500 Graeculos,
629 3440 763 3506 Epicurum
772 3451 797 3491 et
809 3441 940 3506 Epicureos
953 3443 1056 3508 attingat
1064 3459 1092 3493 ac
1103 3444 1220 3509 perstriuss

55 3530 108 3587 gat,
124 3522 213 3572 mirum
225 3533 273 3582 est,
290 3523 355 3589 quod
368 3523 394 3572 in
409 3539 437 3574 ea
449 3525 578 3590 aliquoties
594 3526 694 3576 verbum
705 3547 717 3571 a
730 3523 884 3595 Philosophia
895 3547 908 3572 a
918 3536 993 3593 atque
1004 3527 1078 3578 etiam
1088 3549 1100 3573 ι
1109 3527 1221 3581 Philoso-

52 3601 120 3672 phas
129 3627 142 3648 n
151 3607 269 3658 occurrit.
284 3605 333 3656 Nec
349 3606 415 3671 apud
430 3606 538 3656 Ennium
554 3605 711 3676 Philosophia
727 3607 753 3657 in
768 3608 806 3669 iis,
827 3625 880 3674 quae
896 3618 990 3659 servata
1004 3618 1068 3668 sunt,
1081 3607 1218 3675 fragmentis

56 3689 190 3754 reperitur,
205 3700 232 3741 at
246 3707 303 3741 rero
313 3688 482 3760 Philosophari
500 3691 558 3755 (rid.
575 3691 649 3741 Ennii
662 3690 706 3741 rel.
725 3708 775 3742 rec.
789 3692 893 3745 Vahlen.
910 3711 936 3761 p.
958 3699 1014 3748 145.
1030 3695 1100 3762 Trag.
1114 3697 1157 3747 lat.
1171 3698 1216 3748 rel,

55 3787 111 3821 rec.
128 3772 247 3833 Ribbeck,
261 3791 286 3840 p.
304 3779 351 3833 533
366 3774 468 3824 verbum
478 3774 568 3844 Sophia
578 3775 671 3824 Ennius
685 3775 864 3841 timideprofert
875 3777 913 3828 his
927 3780 989 3830 hnu.
1008 3780 1124 3841 versibus,
1136 3798 1162 3847 p.
1176 3786 1217 3844 35,

53 3855 95 3906 ed.
109 3855 221 3923 Vahlen).

228 3979 278 4028 Nec
292 3980 420 4046 (piusquam
434 3979 553 4050 Sophiam,
570 3981 751 4052 sapientiaque
762 3982 901 4053 perhibetur

227 4064 261 4127 in¹
275 4065 364 4113 somnis
377 4065 436 4114 vidit
452 4065 519 4130 prius
533 4082 605 4131 quam
621 4082 670 4115 sam
680 4068 768 4133 'hdiccre
787 4069 867 4135 rupit.

57 4207 89 4220 ··
110 4181 167 4234 lid.
191 4182 380 4244 D'llcrnhardt,
400 4186 430 4234 do
448 4186 499 4234 (lic.
510 4202 578 4251 grue.
601 4186 690 4251 philos,
706 4188 848 4254 interprete.

92 4288 129 4353 (2)
146 4286 226 4338 Acad.
242 4289 300 4356 l,‚(t.
