2790 4770
624 326 826 389 -238-

151 464 313 527 tationitms
327 466 466 536 utantur,
482 480 561 541 quos
574 464 736 541 appellant
753 484 768 521 n
785 463 918 544 Τρόπαυς,
932 485 948 522 n
964 471 996 527 et
1007 449 1227 528 sententiarum
1240 486 1310 528 ora·

150 571 297 652 tionesque
319 570 439 650 formis,
465 588 536 649 quae
562 575 678 632 vocant
703 591 717 627 α
739 569 912 650 Σχήματα»
946 572 1042 633 :Non
1065 570 1240 635 verisimile
1262 579 1312 636 cst

152 695 248 759 quam
263 675 303 738 sit
322 677 353 737 in
369 681 506 756 utroque
523 693 639 756 genere
653 681 685 738 et
705 676 819 738 creber
837 682 868 738 et
890 675 1058 741 distinctus
1077 681 1167 742 Cato.

191 791 264 868 Gap.
280 790 316 849 37
336 821 376 831 -
447 783 602 846 Antonius
625 783 657 846 in
675 784 779 847 verbis
797 791 828 848 ct
853 784 1006 866 eligendis
1019 785 1135 870 (neque
1154 786 1186 849 id
1202 787 1313 867 ipsum

153 902 217 958 tam
231 890 348 972 leporis
363 910 458 953 causa
474 909 570 970 quam
585 891 757 972 ponderis),
782 898 813 955 et
828 892 1033 971 collocandis,
1056 902 1088 958 ct
1100 899 1315 976 comprehen-

153 1003 241 1066 sione
263 998 487 1073 devinciendis,
519 997 597 1059 nihil
616 1018 679 1061 non
705 999 745 1060 ad
769 999 926 1063 rationem
941 1008 973 1064 et
987 1009 1141 1083 tanquam
1160 1004 1201 1065 ad
1210 1011 1316 1067 artem

154 1113 323 1193 dirigebam
353 1109 462 1172 verum
487 1108 588 1170 multo
617 1107 718 1189 magis
738 1111 801 1172 hoc
826 1109 912 1175 idem
934 1115 974 1172 in·
985 1116 1206 1175 sententiarum
1224 1126 1318 1177 orno·

155 1225 261 1285 mentis
275 1224 306 1282 et
315 1216 604 1297 conformationibus
607 1261 669 1278 .....
690 1237 706 1276 α
713 1218 849 1298 Σχήματα
861 1239 881 1303 α,
889 1217 975 1282 enim
989 1239 1062 1300 quae
1074 1225 1189 1284 vocant
1198 1221 1316 1299 Graeci,

156 1346 193 1390 ea
207 1323 345 1388 maxime
361 1328 475 1385 ornant
492 1329 688 1387 oratorem...

196 1439 270 1516 Gap.
287 1437 347 1496 ll:
371 1466 412 1480 —
434 1435 469 1493 ln
486 1432 535 1493 his
558 1431 707 1493 omnihus
728 1431 812 1494 inest
823 1432 953 1513 quidam
970 1433 1038 1497 sine
1058 1436 1124 1498 ullo
1146 1436 1222 1500 fuco
1237 1437 1320 1500 veri·

91 1602 94 1607 ,
156 1540 228 1602 tatis
243 1540 330 1602 color
347 1559 353 1601 :
380 1536 566 1619 quinetiam
591 1539 811 1618 comprehensio
827 1546 856 1601 et
871 1541 1001 1604 omhitns
1024 1542 1079 1604 ille
1101 1545 1321 1628 carlomani

158 1646 203 1708 sic
222 1667 237 1705 α
253 1644 407 1727 Περίαδανα
428 1644 580 1724 appellari
592 1646 707 1725 placet)
719 1652 786 1709 erat
799 1649 883 1727 apud
897 1647 988 1710 illum
1004 1655 1187 1714 contractus
1202 1658 1235 1715 et
1248 1651 1324 1716 hre-

158 1758 219 1836 vis;
233 1762 263 1819 et
278 1756 311 1816 in
334 1756 469 1817 membro
491 1754 649 1835 quaedam,
664 1775 736 1836 quae
754 1779 769 1816 n
793 1759 877 1817 Κῶλα
891 1781 905 1818 n
923 1757 1025 1823 Graeci
1050 1767 1176 1838 vocant,
1193 1753 1323 1841 disper·

158 1865 257 1929 nebat
274 1865 449 1927 orationem
468 1860 629 1926 libentius.

192 1973 266 2050 Gap.
283 1971 322 2031 76
338 1986 346 2031 ε
363 2003 402 2014 -
417 1966 542 2047 Reliqui
557 1950 641 2045 sunt,
659 1967 713 2048 qui
732 1970 850 2032 mortui
863 1971 938 2048 sint,
962 1973 995 2035 L.
1012 1975 1204 2054 Torquatus,
1222 1994 1324 2062 quem

161 2087 195 2145 tu
209 2100 273 2142 non
288 2086 353 2143 tam
368 2076 432 2140 cito
447 2079 604 2140 Rhetorem
615 2077 746 2140 dixisses
760 2080 804 2160 (et
818 2079 843 2142 si
857 2099 924 2142 non
942 2083 1051 2146 deerat
1068 2086 1193 2167 oratio),
1210 2105 1323 2168 qnam,

163 2196 198 2254 ut
211 2186 312 2254 Graeci
328 2185 448 2262 dicunt,
470 2206 484 2243 n
498 2183 653 2247 Uolturcio.
669 2207 685 2244 n
915 2184 917 2188 ”

200 2295 276 2373 Cap.
293 2297 331 2354 79
358 2311 365 2352 :
392 2283 432 2337 -’-
456 2292 554 2373 Erant
568 2296 674 2353 autem
695 2295 726 2352 et
747 2291 908 2355 uerborntn
922 2303 950 2356 et
965 2299 1189 2360 sententiarum
1205 2299 1265 2362 itta
1281 2301 1327 2364 in-

163 2404 258 2473 mina,
275 2416 345 2478 quae
358 2402 473 2459 vocant
486 2397 586 2459 Graeci
604 2420 618 2453 n
632 2395 814 2478 Σχήματα.»

203 2507 325 2578 Orator,
346 2521 417 2581 cap.
433 2506 451 2563 3
471 2522 477 2563 :
494 2504 609 2563 -Has
628 2521 730 2564 rernm
743 2503 864 2580 fortnas
879 2507 1016 2586 appellat
1037 2507 1147 2576 «Ἰδέας
1155 2531 1170 2570 n
1190 2508 1327 2576 illenon

164 2611 359 2689 intelligendi
381 2611 494 2682 solum,
512 2604 677 2670 sedetiam
700 2610 825 2672 dicendi
848 2610 1048 2691 gravissimus
1074 2620 1188 2677 auctor
1208 2621 1241 2679 et
1261 2634 1328 2678 ma·

163 2718 270 2800 gister,
287 2721 413 2781 Plato..

202 2830 277 2907 Gap.
298 2831 331 2889 ll
361 2847 366 2888 :
388 2825 509 2888 -Sed
534 2823 566 2885 in
590 2823 676 2886 omni
699 2844 731 2886 re
755 2824 980 2888 difficillimum
1006 2833 1064 2903 est,
1083 2827 1218 2900 formam
1235 2831 1322 2908 (quae

168 2933 341 3018 «Χαρακτὴρ
356 2957 370 2992 n
394 2937 500 2995 Graece
524 2929 651 3008 dicitur)
675 2949 833 3008 exponere
852 2928 972 3009 'optimi
998 2933 1110 3012 :quod
1136 2931 1224 3008 aliud
1251 2932 1323 2995 aliis

164 3038 289 3101 videtur
304 3037 471 3117 optimum.

205 3149 279 3224 Gap.
300 3149 336 3205 tn
353 3163 360 3205 :
377 3176 415 3188 -
429 3145 503 3202 Haec
518 3146 669 3202 tractasse
691 3143 961 3223 Thrasymachum
977 3143 1229 3206 Chalcedonium
1252 3142 1323 3224 pri-

166 3270 267 3329 mum,
305 3258 337 3313 et
366 3247 557 3311 Leontinum
602 3250 706 3310 ferunt
729 3249 890 3328 Gorgiam,
917 3251 1123 3313 Theodorum
1152 3250 1228 3315 inde
1263 3253 1325 3332 By·

164 3358 314 3435 nantium,
332 3359 512 3436 multosque
537 3354 613 3418 alios
639 3375 718 3435 quos
746 3377 760 3413 α
776 3357 985 3434 Λογαδαιδάλους
1010 3358 1054 3438 (1)
1075 3382 1089 3418 n
1122 3361 1266 3440 appellat
1291 3357 1325 3419 in

166 3465 299 3528 Phaedro
317 3465 472 3552 Socrates.

207 3579 282 3654 Gap.
300 3579 336 3636 ll
364 3594 370 3635 ι
393 3610 433 3621 -
447 3576 521 3633 Haec
556 3571 651 3651 igitur
681 3577 814 3650 quaestio,
837 3568 1008 3649 apropriis
1024 3570 1168 3650 personis
1183 3578 1215 3635 et
1241 3552 1326 3635 tent·

166 3683 296 3766 poribus
310 3687 348 3746 ad
374 3679 510 3744 universi
525 3681 648 3760 generis
665 3681 842 3743 orationem
856 3682 1012 3756 traducta,
1033 3682 1216 3760 appellatur
1233 3704 1249 3742 α
1262 3681 1327 3744 Θέ-

168 3819 219 3863 σις.
232 3817 247 3854 n

206 3906 281 3983 Gap.
297 3907 334 3965 19
350 3921 356 3963 :
377 3933 417 3947 -··
485 3901 547 3962 Sed
563 3905 594 3961 et
606 3901 712 3962 Graece
725 3899 764 3960 ah
780 3901 959 3978 eloquendo
980 3923 994 3960 n
1009 3898 1129 3981 Ῥήτωρ,
1144 3924 1159 3960 n
1182 3907 1215 3964 et
1228 3899 1326 3965 latine

173 4015 365 4094 «eloquens»
390 4006 494 4073 dictus
511 4016 568 4072 est.
1294 4026 1299 4033 ·

202 4276 236 4340 (l)
254 4273 327 4338 Cujus
341 4271 440 4338 quidem
458 4268 526 4319 verbi
541 4267 776 4335 interpretationem,
796 4275 824 4318 ut
840 4266 902 4318 mihi
915 4266 1021 4331 ridetur,
1041 4267 1107 4334 apud
1125 4266 1270 4317 Ciceronem
1287 4281 1326 4317 re·

167 4363 245 4432 perias
258 4361 365 4426 (lirratus,
378 4370 432 4422 cap.
447 4357 499 4419 31),
512 4368 588 4420 quum
602 4347 678 4404 Stoici
688 4351 719 4403 ab
733 4367 762 4403 eo
775 4361 894 4403 vocantur
905 4375 917 4396 ιι
928 4348 1051 4405 architecti
1064 4350 1203 4406 verinum.
1216 4371 1229 4396 n
