2790 4770
632 385 834 450 —158-

157 537 306 629 ὀμμάτων
323 531 528 629 ξυμμιταίτια
545 538 621 631 πρὸς
643 539 680 606 τὸ
700 541 776 631 ἔχειν
803 541 859 614 τὴν
880 530 1024 631 δύναμιν,
1043 539 1079 613 ἢν
1104 549 1155 604 νῦν
1176 536 1313 629 εἴληχεν,

158 664 302 757 εἰρήσθω·
319 665 355 732 τὸ
376 653 395 728 δ
400 663 412 730 ὲ
431 667 575 757 μέγιστον
594 667 697 731 αὐτῶν
717 662 757 743 εἰς
778 665 923 755 ὠφέλειαν
946 667 1045 760 ἔργον,
1070 657 1110 733 δι’
1130 649 1232 744 diet<
1249 661 1315 732 αὖθ’

154 797 225 882 ἡμῖν
247 780 436 879 δεδώρηται,
458 789 538 883 μετὰ
557 799 653 858 τοῦτο
671 792 789 883 ῥητέον.
810 772 892 880 ὄψις
912 783 950 866 δὴ
966 787 1047 859 κατὰ
1065 791 1116 858 τὸν
1132 791 1205 883 ἐμὸν
1219 790 1314 884 λόγον

156 914 239 983 αἰτία
258 926 313 996 τῆς
331 914 477 1010 μεγίστης
499 915 646 1009 ὠφελείας
660 918 781 1010 γέγονεν
801 921 885 1009 ἡμῖν,
907 917 956 984 ὅτι
977 929 1038 984 τῶν
1057 927 1108 983 νῦν
1130 916 1232 1011 λόγων
1248 915 1331 1009 περὶ,

156 1052 214 1110 τοῦ
231 1039 347 1120 παντὸς
369 1044 541 1136 λεγομένων
567 1033 666 1121 οὐδεὶς
695 1037 732 1110 α’ίν
756 1067 834 1110 ποτε
863 1031 970 1136 ἐῤῥηθη
999 1045 1075 1131 μήτε
1105 1039 1209 1133 ἄστρα
1238 1047 1316 1136 μήτε

157 1173 242 1261 ἥλιον
260 1169 337 1260 μήτε
353 1168 476 1258 οὐρανὸν
490 1159 630 1236 ἰδόντων.
645 1173 711 1238 Νῦν
728 1158 758 1233 δ’
772 1169 872 1263 ἡμέρα
887 1194 921 1235 τε
935 1168 986 1236 καὶ
1001 1162 1054 1248 νὺξ
1070 1170 1207 1261 ὀφθεῖσαι
1225 1171 1316 1267 μῆνές

160 1319 195 1361 τε
211 1293 263 1360 καὶ
277 1297 419 1360 ἐνιαυτῶν
439 1286 576 1388 περίοδοι
600 1294 836 1388 μεμηχάνηνται
860 1296 914 1383 μὲν
933 1294 1074 1389 ἀριθμὸν,
1093 1296 1205 1389 χρόνον
1223 1275 1318 1365 lt'to-

159 1445 241 1487 νοιαν
256 1419 370 1512 περίτι
391 1428 445 1512 τῆς
459 1429 516 1487 τοῦ
530 1422 647 1500 παντὸς
664 1423 780 1512 φύσεως
801 1414 928 1501 ζήτησιν
952 1412 1077 1508 ἔδοσαν,
1101 1415 1134 1500 ἐξ
1159 1419 1200 1488 ὧν
1217 1424 1318 1516 teop-

159 1543 278 1636 σάμιθοι
302 1545 488 1637 Φιλοσοφίας
511 1548 609 1639 γένος’,
635 1544 669 1614 οὗ
699 1540 799 1640 μεῖζον
825 1548 937 1643 ἀγαθὸν
962 1551 1025 1617 οὔτ’
1044 1544 1134 1622 ἦλθεν
1161 1551 1235 1617 οὔτε
1255 1543 1320 1630 ἥξει

161 1670 237 1738 ποτὲ
252 1676 298 1756 τῷ
317 1669 418 1756 θνητῷ
434 1671 512 1765 γένει
526 1662 661 1765 δωρηθὲν
683 1674 718 1738 ἐκ
737 1671 822 1739 θεῶν.

162 2061 268 2131 causis,
280 2069 312 2119 ut
325 2060 459 2135 haberent
472 2075 533 2117 eam
545 2060 622 2131 vim,
635 2075 720 2132 quam
731 2075 807 2116 nunc
818 2059 937 2129 hahent,
958 2059 1026 2116 satis
1036 2059 1124 2116 ferme
1139 2073 1200 2116 esse
1211 2056 1321 2125 dictum

107 2155 109 2157 i
162 2195 239 2259 puto.
252 2186 375 2244 illurima
387 2196 482 2243 autem
493 2201 592 2244 eorum
601 2185 708 2244 utilitas
718 2185 820 2243 donata
832 2185 955 2242 humano
967 2183 1060 2257 generi
1070 2185 1196 2242 Deorum
1205 2198 1322 2242 munere

163 2309 291 2384 deinceps
303 2309 464 2382 explicetur.
477 2312 584 2368 Rerum
599 2310 674 2367 enim
692 2310 858 2384 optimarum
876 2309 1051 2384 cognitiones
1066 2308 1146 2368 nohis
1158 2307 1232 2366 oculi
1245 2315 1320 2366 attu-

163 2435 266 2493 lerunt.
280 2437 351 2491 Nam
367 2434 443 2502 hmo,
457 2451 518 2508 quae
530 2443 572 2493 est
586 2435 680 2494 habita
692 2437 725 2494 do
735 2418 919 2494 Universitutc
935 2435 1025 2493 oratio
1038 2451 1054 2492 a
1069 2434 1165 2506 nohis,
1181 2433 1258 2492 haud
1270 2450 1322 2492 un·

164 2572 250 2630 quam
262 2563 335 2614 esset
348 2556 469 2625 inventa,
481 2555 503 2613 si
516 2574 606 2631 neque
616 2557 718 2628 sidera,
730 2573 819 2631 neque
828 2557 888 2628 Sol,
900 2573 991 2630 neque
1003 2557 1105 2614 ooelum
1116 2557 1167 2613 sub
1178 2555 1322 2613 oculorum

97 2746 98 2749 Ἴ
166 2681 328 2755 adspectum
339 2681 438 2739 cadere
448 2682 611 2756 potuissent.
624 2686 707 2741 Nunc
717 2694 782 2741 vero
794 2683 853 2740 dies
862 2693 1014 2756 noctesque
1025 2682 1112 2740 oculis
1122 2682 1250 2756 cognitae,
1261 2692 1323 2740 tum

166 2804 306 2892 mensium
317 2821 509 2878 annorumque
520 2806 716 2864 conversiones
728 2807 763 2863 ad
776 2823 926 2865 numerum
939 2807 1107 2865 machinatae
1120 2816 1202 2880 sunt,
1216 2816 1245 2865 et
1260 2824 1322 2882 spa·

165 2930 236 2990 tlum
248 2932 382 3005 temporis
394 2931 532 2989 demensa
545 2940 620 3002 suut,
634 2933 707 2990 etad
718 2928 901 3006 quaestlonem
912 2934 998 2990 totius
1010 2936 1123 2991 Natura
1136 2933 1321 3008 impulerunt:

166 3054 265 3128 quihus
279 3071 312 3111 ex
326 3055 409 3113 rebus
422 3054 629 3126 Philosophiam
647 3054 738 3128 adepti
751 3072 862 3125 sumos3
879 3072 934 3129 quo
946 3055 1020 3112 bono
1034 3056 1143 3113 nullum
1160 3056 1322 3130 optabilius,

167 3179 276 3237 nullum
288 3180 482 3253 praestantius,
495 3196 584 3253 neque
596 3179 693 3238 datum
709 3189 751 3240 est
761 3181 923 3238 mortalium
939 3183 1032 3255 generi
1053 3185 1179 3240 Deomm
1192 3197 1327 3241 concessu

167 3329 248 3398 atque
261 3339 389 3395 munere,
403 3339 492 3395 neque
504 3322 637 3398 dabitur(
655 3330 676 3394 t.

612 3488 689 3541 Multa
702 3490 876 3542 desiderantum

202 3819 238 3884 (1)
257 3817 373 3869 Eamdcm
384 3817 529 3870 sententium
542 3817 569 3868 iu
582 3817 695 3870 heodem.
705 3819 735 3885 (Ι,
744 3818 770 3884 2)
784 3816 908 3868 transtulit
924 3817 1026 3868 Cicero:
1039 3817 1091 3868 haec
1104 3816 1179 3869 etiam
1190 3817 1216 3868 iu
1226 3817 1328 3871 ruunt.

169 3912 253 3972 quaest.
266 3903 293 3967 (l,
307 3906 350 3972 26)
364 3903 475 3971 scripsit:
492 3925 505 3950 ιι
520 3903 677 3971 Philosophia
691 3920 758 3965 vero,
773 3903 883 3954 omnium
903 3912 982 3955 mater
993 3903 1095 3967 ortium,
1115 3902 1177 3969 quid
1194 3912 1231 3956 est
1248 3903 1327 3982 uliud,

169 3991 226 4052 uisi,
239 3999 268 4042 ut
280 3991 351 4043 Plato
364 3990 408 4051 ait,
424 3989 523 4051 donum,
539 3998 567 4042 ut
580 4005 633 4056 ego,
652 3988 779 4042 inuentum
793 3988 916 4041 Deorum?
928 4010 940 4033 ν

712 4221 783 4247 ...2-
