2806 4764
630 357 830 419 —304-

154 506 215 567 que
237 488 364 551 dicendi
380 509 494 571 genere
509 492 678 572 diligenter
699 495 858 558 evolverit.
876 496 995 568 Quibus
1012 496 1189 576 praesertim
1205 493 1311 555 modis

151 598 189 656 ad
207 597 532 660 circumscribendam
547 602 724 663 orationem
739 603 822 663 inter
835 620 867 663 se
880 603 1025 663 membra
1029 602 1205 681 jungantur
1214 597 1313 676 inspi-

151 703 247 766 cienti
257 712 336 785 quot
351 713 382 768 et
395 713 519 787 quantae
530 708 695 770 varietates
710 713 901 770 occurrunt!
917 708 998 769 lllud
1011 709 1097 769 enim
1113 711 1201 768 certo
1214 704 1309 781 scies,

151 814 343 890 comparatis
359 813 478 875 duabus
495 812 628 894 paginis,
648 833 737 875 unae
750 815 870 888 Graeco,
890 814 988 874 altera
1006 829 1022 873 e
1037 810 1147 872 Latino
1163 809 1312 889 quolibet

151 936 256 980 rerum
284 920 448 1000 scriptore.
472 919 504 981 Si
525 921 664 999 denique
688 940 751 982 una
777 920 905 983 alterius
927 926 974 983 est
990 921 1052 981 fida
1076 917 1308 998 interpretati0,

150 1207 196 1259 Ad.
213 1207 288 1273 Regu.
306 1223 330 1272 p.
346 1210 394 1257 439
408 1216 433 1257 et
446 1210 518 1272 sqq.).
532 1207 653 1258 Convenit
667 1207 730 1257 iuter
740 1224 822 1257 omnes
834 1207 883 1257 duo
893 1208 917 1256 in
927 1209 1020 1274 junctis
1033 1208 1113 1259 verbis
1128 1210 1249 1276 praecipua
1259 1224 1310 1258 esse

150 1293 276 1342 elementa.
297 1291 351 1339 Non
376 1291 441 1340 enim
460 1290 498 1339 isti
518 1290 721 1340 animadversioni
743 1302 880 1358 repugnant
901 1294 1046 1361 plerumque
1066 1294 1108 1344 illa
1131 1291 1310 1364 sesquipedalia

149 1376 233 1440 serta,
250 1393 303 1442 quae
315 1376 403 1425 comici
417 1384 502 1441 poetar,
518 1375 621 1425 libidine
636 1386 660 1425 et
672 1376 771 1427 licentia
785 1394 829 1427 sua
842 1394 888 1445 pro
903 1378 995 1444 legibus
1009 1379 1056 1440 usi,
1071 1379 1211 1445 longissime
1219 1379 1311 1446 produ·
1359 1433 1361 1436 ,

148 1470 244 1511 xerunt.
256 1461 317 1509 Nam
329 1460 637 1525 νευτολυρασπιδο·πηγός,
649 1462 989 1528 σφραγιδονυχαργοκομήται
1001 1471 1025 1512 et
1037 1462 1232 1512 su-ove-taurilia
1241 1479 1309 1512 com·

147 1547 293 1613 positionem
306 1546 512 1612 παρατεθειμένην
527 1545 592 1594 intus
606 1544 705 1596 habent.
719 1546 846 1607 Quomodo
860 1548 925 1612 apud
940 1546 1035 1598 Graecos
1049 1549 1113 1598 inter
1127 1557 1152 1598 se
1165 1548 1232 1598 varia
1241 1565 1308 1599 com-

146 1631 218 1698 positi
233 1629 345 1680 vocabuli
366 1630 484 1679 elementa
496 1629 636 1695 jungantur,
650 1631 799 1696 apertissime
811 1632 925 1697 explanat
935 1631 979 1680 aa.
994 1631 1070 1697 Regu.
1085 1634 1121 1699 (p.
1138 1636 1186 1683 all
1198 1642 1222 1683 et
1234 1634 1307 1698 sqq.).

148 1714 229 1766 Latini
247 1714 297 1764 lere
310 1714 396 1763 iisdem
415 1713 550 1763 rationibus
563 1724 675 1764 utuntur.
686 1743 717 1751 —
726 1715 774 1764 Aut
789 1707 899 1780 proxime
911 1716 1047 1781 junguntur
1065 1717 1183 1768 elementa
1195 1734 1201 1767 ε
1213 1728 1241 1768 ut
1258 1716 1308 1767 sol-

145 1801 243 1859 stitium,
249 1799 383 1867 justitium
396 1798 438 1863 (cl.
456 1799 612 1863 φώσ-ῳορος,
626 1800 809 1867 ropac-pipat),
820 1810 861 1850 aut
875 1800 900 1849 in
916 1799 1060 1866 primigenia
1075 1801 1187 1852 vocabuli
1202 1813 1272 1869 parte
1281 1803 1308 1855 iit

98 1935 101 1939 ,
146 1902 269 1952 apocopa:
282 1894 309 1934 ut
324 1881 455 1932 lierni-cido
471 1882 512 1946 (cl.
534 1885 725 1949 psit-pomos),
746 1895 788 1935 aut
809 1885 914 1950 denique
933 1885 1017 1951 (idque
1037 1885 1064 1935 lit
1082 1886 1221 1952 saepissime)
1243 1889 1307 1938 inter

146 1969 267 2019 miscenda
284 1970 332 2018 duo
344 1969 463 2018 elementa
476 1967 576 2031 ponitur
592 1969 689 2018 vocalis.
710 1967 748 2018 Ad
760 1969 943 2034 copulationem
957 1969 1057 2034 hujusce
1074 1969 1140 2018 modi
1159 1969 1308 2036 frequentis-

145 2054 205 2105 sime
219 2054 308 2104 vocalis
323 2055 331 2102 i
345 2063 487 2118 usurpatur.
503 2052 550 2102 Pro
565 2054 667 2119 exempl.
690 2054 739 2105 sint
751 2073 755 2102 :
768 2054 918 2103 centimanus
932 2053 975 2118 (cf.
992 2055 1156 2121 ἑκατόγχειρ).
1170 2053 1304 2105 Frondiier

144 2137 186 2203 (cf.
203 2137 371 2204 φυλλοφόρος).
383 2135 492 2186 Humiles
501 2136 544 2201 (ci.
561 2137 713 2203 ὑγροποιὸς).
727 2135 849 2204 Laetificus
863 2137 906 2201 (cf.
926 2138 1085 2205 χαροποιὸς),
1099 2147 1148 2188 etc.
1162 2167 1193 2176 -
1209 2139 1241 2188 Ut
1255 2139 1307 2189 baec

144 2225 219 2276 verba
230 2224 316 2275 melius
328 2234 425 2282 sonent,
438 2223 529 2274 Graecis
539 2224 659 2284 litterae,
674 2223 766 2272 Latinis
780 2222 789 2271 i
802 2224 884 2290 potior
894 2224 998 2274 videtur.
1012 2223 1107 2274 vocalis
1120 2243 1127 2273 ι
1143 2226 1240 2292 (graeca)
1251 2236 1307 2292 post

146 2310 262 2379 quasdam
279 2308 435 2375 primigenias
452 2308 581 2357 verborum
594 2318 618 2358 et
631 2324 719 2357 vocum
737 2308 913 2358 declinantium
931 2318 1011 2375 partes
1025 2309 1130 2359 maxime
1144 2310 1205 2375 poni
1225 2321 1303 2362 amat.

146 2425 177 2434 -
187 2393 311 2444 Interdum
326 2393 351 2441 in
366 2409 411 2442 usu
423 2402 458 2442 est
472 2393 561 2442 vocalis
573 2411 604 2440 e:
619 2402 647 2442 ut
660 2391 800 2455 male-dico,
814 2392 975 2444 bene-dico...
985 2421 1018 2432 —-
1028 2394 1154 2444 Interdum
1167 2395 1243 2450 etiam
1255 2414 1270 2446 o
1281 2406 1306 2448 et

146 2499 161 2529 a
173 2499 179 2533 :
193 2487 378 2538 sacro-sanctus,
398 2477 590 2542 primo-genitus,
611 2486 657 2527 etc.
675 2477 821 2544 Grajugena,
838 2493 959 2544 ara-spex.
971 2478 1174 2529 -Praetermitto
1190 2481 1307 2544 quasdam

145 2572 304 2615 consonantes
319 2577 373 2627 quae
388 2572 488 2626 propter
497 2561 653 2627 euphoniam,
663 2570 732 2628 puto,
744 2562 864 2612 elementa
876 2561 944 2612 verbi
956 2572 1058 2614 nectunt
1075 2562 1134 2627 (vid.
1146 2563 1304 2630 Bab-ulcus,

144 2647 324 2714 nee-opinans,
337 2646 494 2711 neg-otium,
506 2647 640 2711 tri-t-avus,
656 2647 787 2710 sed-itio).

155 2727 157 2731 ’
179 2734 236 2792 Sed,
247 2732 334 2780 omissa
345 2731 472 2796 compositi
481 2732 549 2781 verbi
559 2731 740 2789 informatione,
752 2733 803 2798 jam
817 2749 883 2782 nunc
893 2749 989 2783 sensum
1001 2733 1163 2800 inspiciamus.
1176 2734 1204 2784 ln
1212 2734 1303 2804 pleris-

144 2838 189 2890 que
204 2816 379 2868 voeabulorum
391 2816 518 2882 ejusmodi,
532 2832 587 2881 pars
598 2833 651 2881 quae
665 2817 866 2882 significationem
875 2819 1030 2879 determinat,
1047 2829 1142 2886 partem
1155 2820 1304 2871 determina·
1376 2887 1379 2890 ι

144 2916 195 2956 tam
208 2903 339 2956 antecedit.
357 2901 398 2961 Ut,
413 2902 568 2958 ννκτι-πόλος
586 2901 629 2965 (cf.
646 2902 809 2968 nocti-vagus,
825 2903 893 2970 Virg.
912 2906 983 2965 AEn.‚
999 2904 1028 2965 X,
1046 2907 1136 2970 alc)...
1153 2905 1210 2969 (vid.
1226 2905 1304 2972 Regu.

145 3005 169 3054 p.
186 2991 234 3039 loo
249 2997 272 3038 et
287 2986 362 3052 sqq.).
380 2986 459 3036 Verba
474 2986 606 3052 composita
619 2987 649 3053 (si
663 3004 759 3037 sensum
773 2997 816 3038 aut
827 2989 909 3055 potius
918 2991 1002 3039 modos
1019 2990 1106 3056 quibus
1120 2991 1184 3040 inter
1197 3007 1222 3041 se
1234 2991 1303 3041 varia

140 3073 275 3139 jungantur
287 3065 406 3121 elementa
418 3071 559 3134 examines),
576 3071 602 3119 in
614 3081 720 3136 quatuor
733 3071 818 3121 classes
830 3073 907 3123 dividi
919 3078 1028 3140 possunt.
1042 3076 1067 3125 1⁰
1075 3075 1214 3141 Composita
1226 3075 1302 3125 verba

143 3156 347 3208 determinantia:
363 3164 402 3212 ut,
422 3153 567 3202 alti-tonans
589 3154 628 3218 (cs.
650 3153 852 3224 ὑψι-ὅρεμέτης),
869 3156 1013 3207 clari-sonus
1032 3158 1072 3222 (ci.
1091 3160 1300 3228 λαμπρό-φωνος),

142 3242 273 3311 tri-corpor
285 3238 327 3302 (ci.
345 3239 534 3304 τρι-σώματος),
546 3238 705 3287 tri-noctium
718 3239 759 3302 (ef.
776 3242 957 3306 aperius-mv),
971 3244 1172 3310 con-sanguineus
1186 3243 1228 3307 (cf.
1245 3245 1304 3294 σύν·

141 3326 235 3392 arpos),
249 3324 363 3391 iri-justus
373 3323 530 3388 (cici-diuos),
540 3322 677 3373 ina-mobilis
688 3324 880 3391 (ciui-xivmoc),
893 3325 1053 3397 iro-pudentia
1063 3327 1104 3391 (ci.
1114 3329 1302 3395 ἀναισχυντία).

142 3417 169 3464 2⁰
184 3410 262 3462 Verba
279 3409 327 3459 alia
340 3425 370 3458 ex
391 3408 446 3458 aliis
459 3417 533 3474 apta:
546 3418 582 3469 ut,
596 3408 712 3477 armi-ger
730 3409 771 3472 (es.
789 3412 961 3477 ὑπλσ-φόρος),
976 3410 1103 3479 miri-ficus
1114 3412 1154 3478 (cs.
1176 3399 1304 3478 taopacb·

141 3494 230 3559 ποιός),
247 3491 401 3541 omni-vomas
413 3490 456 3556 (ci.
480 3492 646 3556 πάμ-φαγος),
665 3490 786 3541 silvi-cola
803 3493 845 3556 (cf.
864 3494 1029 3557 bin-aotam),
1052 3493 1148 3564 opi-fea
1165 3493 1208 3560 (ci.
1230 3496 1302 3560 δημι-

143 3580 270 3647 ουργὸς)...
284 3582 310 3629 30
325 3576 404 3627 Verba
418 3576 549 3642 possessiva
566 3593 571 3626 :
586 3586 623 3640 ut,
639 3575 738 3647 levi-pes
752 3577 794 3644 (cf.
812 3580 956 3645 ὠκύ-πους),
970 3577 1140 3646 tardi-gradus
1155 3578 1196 3643 (ci.
1213 3581 1303 3647 βραδύ-

140 3668 221 3733 πους),
239 3663 388 3735 quadra-pes
407 3661 450 3726 (cs,
467 3665 655 3729 τετρά-πους)...
672 3665 701 3713 4⁰
718 3663 798 3714 Verba
815 3666 925 3732 apposita
937 3684 943 3716 :
954 3676 990 3724 ut,
1010 3664 1142 3728 uri-decim,
1162 3663 1302 3716 duo-decim
1344 3675 1346 3678 ’

140 3752 181 3814 (cf.
196 3754 309 3816 ἔν-δεκα,
323 3750 453 3812 δώ-δενα),
467 3758 515 3797 etc.

175 3838 294 3903 Equidem
307 3852 392 3885 vereor
406 3851 437 3883 ne
452 3834 530 3883 doctis
541 3850 569 3883 ac
583 3833 745 3900 prudentibus
760 3835 802 3885 illa
817 3836 951 3902 disputatio
966 3835 1064 3886 brevior
1080 3853 1109 3886 ac
1124 3837 1197 3902 paulo
1215 3837 1302 3887 obscu-

140 3924 190 3973 rior
204 3939 253 3972 esse
263 3921 384 3971 videatur.
400 3919 543 3984 Recogitent
552 3928 632 3968 autem
645 3936 731 3984 precor
740 3937 814 3985 quam
825 3915 933 3987 perfecta
945 3921 993 3971 sint
1007 3922 1044 3985 (ut
1059 3921 1120 3986 dixi)
1133 3937 1208 3988 opera
1217 3920 1306 3992 Gramq

141 4008 296 4070 maticorum,
312 4021 372 4072 quos
388 4006 444 4070 jure
463 4019 491 4054 ac
504 4004 591 4053 merito
606 4004 717 4066 laudavi3
738 4015 763 4055 et
781 4006 873 4056 idcirco
891 4006 1003 4057 futurum
1021 4006 1095 4056 luisse
1109 4015 1138 4055 ut
1154 4022 1208 4056 mea
1225 4007 1301 4058 multa

141 4092 312 4145 commentatio
332 4092 362 4140 de
376 4088 461 4138 iisdem
475 4089 547 4138 rebus
558 4089 635 4138 nihilo
654 4098 715 4156 esset
733 4090 858 4141 aestimata.
879 4091 929 4158 Ego
943 4108 1001 4142 vero
1015 4091 1064 4142 hoc
1079 4092 1104 4141 in
1118 4092 1201 4143 animo
1215 4094 1302 4159 praeci·

141 4195 217 4247 puum
230 4175 305 4226 habui
315 4184 351 4230 ut.
363 4189 440 4239 quum
450 4188 543 4238 semper
552 4172 625 4222 verba
634 4174 721 4224 Latina
727 4173 817 4225 Graecis
832 4177 987 4243 apposuerim
1002 4178 1060 4242 (quo
1070 4175 1165 4226 facilius
1174 4177 1301 4244 utriusque

136 4266 224 4330 linguae
238 4260 386 4327 comparatio
400 4257 488 4322 fieret),
503 4274 542 4307 me
560 4258 621 4308 scire
637 4260 731 4309 easdem
744 4259 810 4310 haud
824 4278 879 4312 raro
893 4261 989 4312 duabus
1001 4261 1125 4313 sororibus
1138 4276 1189 4313 esse
1200 4261 1251 4313 vias
1266 4263 1302 4313 in·

139 4346 260 4400 formandi
274 4344 403 4408 vocabula,
414 4341 538 4407 judicibus
552 4343 713 4394 ostenderem.
