2790 4770
545 1839 720 1922 CAPUT
748 1841 800 1920 ΙΙ.

136 2115 202 2166 wel
226 2116 369 2166 emronls
395 2116 587 2173 attenuanda
610 2114 858 2164 enmosceuollut
885 2114 903 2160 Δ
934 2115 1084 2164 CICERONE
1109 2117 1215 2164 INTER·

608 2224 747 2272 PRETATI·

139 2483 253 2549 Cicero
274 2481 428 2546 Timaeum
454 2482 497 2564 (l)
519 2486 551 2545 et
576 2480 729 2562 quosdam
751 2482 838 2544 locos
861 2499 878 2544 e
896 2480 1037 2544 Platonis
1058 2479 1256 2564 aliommque

96 2591 362 2674 philosophorum
388 2589 478 2654 libris
503 2595 669 2669 excerptus
694 2588 864 2666 transtulit,
877 2594 913 2652 ut
933 2590 971 2650 ad
994 2607 1090 2669 opera
1111 2591 1254 2671 ejusdem

95 2697 221 2778 generis
243 2696 411 2761 scribenda
438 2715 566 2760 omnem
590 2697 761 2760 verborum
787 2695 913 2777 copiam
936 2704 1072 2778 pararet.
1089 2699 1254 2763 Interdum

95 2804 196 2870 etiam
209 2803 304 2868 vertit
316 2807 453 2882 Graeccs,
470 2823 571 2886 quum
593 2803 749 2868 incideret
770 2809 806 2867 ut
827 2803 858 2866 id
874 2810 947 2885 apte
962 2803 1028 2868 deri
1046 2812 1163 2889 posset.
1179 2809 1254 2879 Quae

95 2914 228 2996 quidem
255 2915 430 2996 fragmenta
455 2912 567 2977 mutila
587 2918 620 2976 et
640 2910 730 2994 quasi
753 2889 917 2976 decurtata
931 2931 1031 2995 usque
1054 2914 1093 2976 ad
1109 2932 1166 2976 nes
1180 2934 1252 2994 per-

94 3040 222 3100 venere,
240 3018 285 3084 ita
297 3025 343 3098 ut,
365 3019 427 3083 nisi
447 3018 588 3084 Platonis
602 3018 769 3083 alteriusve
790 3018 890 3082 Graeci
906 3018 1076 3100 cujuslibet
1091 3023 1254 3101 exemplar

94 3129 296 3200 haberemus,
327 3128 415 3190 nullo
440 3127 537 3189 modo
563 3124 596 3186 in
620 3123 733 3188 melius
760 3142 779 3185 a
804 3124 924 3188 criticis
944 3125 1077 3190 tuissent
1092 3127 1249 3192 restituta.

95 3232 247 3302 llruditus
262 3234 315 3298 ille
329 3234 386 3311 vir,
413 3232 466 3314 qui
492 3251 551 3314 per
574 3237 623 3295 tot
636 3250 735 3294 annos
751 3250 875 3294 summa
899 3250 972 3295 cum
1000 3232 1153 3313 dignitate
1168 3236 1253 3298 Pari·

95 3340 216 3410 siarum
228 3338 369 3409 facultatl
385 3341 523 3424 praefuit,
540 3340 599 3404 ista
613 3341 735 3421 primus
750 3341 921 3423 diligenter
935 3348 966 3405 et
974 3349 1122 3406 accurate
1137 3344 1249 3423 edidit3

93 3453 186 3534 cujus
211 3445 346 3516 Orellius
368 3452 549 3530 exemplum
569 3456 695 3512 secutus
710 3454 769 3511 est.
793 3451 902 3530 ltaque
915 3450 1000 3512 hune
1015 3456 1069 3512 aut
1084 3449 1175 3513 illum
1192 3454 1251 3516 du·

95 3580 180 3637 cem,
195 3579 261 3623 non
274 3563 313 3622 H.
341 3560 548 3640 Stephanum,
563 3558 707 3624 adhibui.
738 3555 819 3635 Quin
845 3556 1020 3622 doctissimi
1043 3559 1086 3623 illi
1104 3561 1250 3629 homines

94 3686 165 3732 rem
180 3667 272 3730 nohis
282 3657 493 3748 gratissimam
504 3666 651 3742 fecerint,
667 3668 738 3746 quis
747 3661 893 3731 dubitare
907 3672 1033 3747 potest?
1044 3673 1123 3733 Nam
1134 3680 1251 3751 practer

95 3776 155 3840 ista
179 3777 365 3858 fragmenta,
386 3773 629 3859 qualiacumque
647 3774 720 3853 sint,
742 3775 828 3839 nulla
854 3772 916 3839 alia
931 3780 1036 3842 latinae
1061 3779 1250 3863 interpreta-

94 3882 191 3947 tionis
216 3888 422 3946 monumcnta
450 3881 710 3946 florentissimum
736 3878 866 3964 reliquit
888 3886 1020 3966 Augusti
1045 3892 1249 3954 saeculum.A

93 3991 223 4054 Platone
236 3982 399 4071 incipiam.

126 4314 164 4383 (1)
177 4314 259 4367 AEtale
275 4312 327 4381 jam
343 4322 473 4383 prouectus
495 4312 580 4365 (licere
599 4313 673 4365 latine
693 4313 865 4382 interpretatus
883 4327 918 4368 est
940 4316 1006 4368 hune
1027 4317 1133 4370 Platonis
1162 4322 1251 4373 libmm

92 4400 154 4467 (vid.
168 4400 289 4467 lnclerq„
302 4399 328 4450 in
338 4398 457 4451 Prooemio
465 4397 567 4465 'fimella
