2790 4770
572 244 614 256 -
643 207 710 273 133·
727 243 770 257 ·-

187 520 220 572 ll.
238 520 269 573 Τ.
287 519 456 574 CICERONIS
473 518 516 570 EX
532 518 680 571 Platona
697 517 838 578 TlMAEUS,
855 517 916 568 SEU
933 515 973 567 DE
991 514 1154 568 UNIVERSO.

357 760 435 815 Hinc
448 759 560 830 incipit
575 755 716 815 Tulliana
730 757 862 816 Plutonis
875 762 995 818 oratio:

128 965 142 994 a
164 944 201 1002 ll.
276 980 299 998 ..
313 939 387 1012 Quid
397 938 525 1015 estquod
535 941 699 1013 semperslt‚
710 955 800 1012 neque
812 939 899 997 ullum
911 937 1127 1010 habentortum,
1141 944 1170 995 et
1179 934 1254 1010 quod

91 1063 235 1140 gignatur,
252 1077 305 1119 nec
325 1075 448 1134 unquam
468 1062 522 1119 siti
539 1063 666 1134 Quorum
681 1059 799 1118 alterum
817 1059 1000 1135 intelligentia
1012 1067 1041 1117 et
1055 1057 1163 1116 ratione
1176 1072 1254 1115 com·

91 1185 289 1262 prehenditur,
313 1183 388 1258 quod
406 1199 495 1242 unum
516 1199 626 1257 semper
639 1192 722 1256 atque
736 1183 810 1241 idem
832 1193 875 1241 est
898 1205 905 1242 ς
926 1185 1056 1257 alterum,
1075 1181 1150 1256 quod
1169 1180 1255 1241 affert

92 1308 258 1384 opinionem
272 1322 320 1381 per
334 1321 442 1376 sensus,
456 1306 572 1364 rationis
585 1322 698 1380 expers3
711 1307 787 1380 quod
797 1316 889 1366 totum
905 1307 1041 1382 opinabile
1058 1316 1110 1380 est,
1127 1307 1155 1365 id
1168 1307 1256 1382 gigni·

91 1450 140 1497 tur
154 1446 184 1496 et
195 1437 302 1503 interit,
315 1451 367 1492 nec
381 1450 506 1507 unquam
520 1450 582 1492 esse
595 1451 658 1492 vere
670 1444 772 1509 potest.
788 1436 880 1493 Omne
892 1444 984 1493 autem
998 1433 1074 1509 quod
1086 1435 1209 1510 gignitur
1220 1450 1254 1492 ex

91 1563 184 1636 aliqua
209 1577 290 1618 causa
309 1560 386 1634 gigni
407 1577 519 1619 necesse
543 1569 598 1633 est3
618 1561 721 1618 nulllus
737 1561 812 1618 enim
834 1561 885 1629 rel,
902 1577 984 1618 causa
1005 1569 1124 1630 remota,
1139 1561 1253 1634 reperiri

93 1693 175 1766 origo
191 1697 289 1765 potest.
304 1689 439 1758 Quocirca
455 1689 477 1746 si
489 1689 522 1757 is,
538 1688 585 1761 qui
601 1688 714 1762 aliquod
729 1703 832 1744 munus
843 1686 955 1744 efficere
965 1686 1091 1754 molitur,
1110 1702 1172 1744 enm
1189 1703 1250 1760 spe·

92 1821 177 1889 ciem,
199 1834 262 1893 quae
286 1831 396 1890 semper
416 1823 458 1872 est
481 1812 591 1881 eadem,
610 1812 775 1884 intuebitur,
793 1821 876 1886 atque
896 1811 923 1869 id
938 1811 990 1869 sibi
1004 1820 1141 1885 proponet
1155 1827 1253 1869 exem-

93 1944 162 2018 plar,
182 1941 346 2018 praeclarum
368 1955 439 2014 opus
459 1937 562 1996 eiliciat
582 1954 693 1996 necesse
706 1945 761 2007 est3
780 1937 822 1993 sin
837 1943 931 1994 nutem
950 1951 1022 2001 eant.
1036 1951 1098 2008 qnae
1116 1937 1248 2010 gignitur,

91 2085 241 2145 nunquam
252 2070 338 2140 illam,
355 2083 437 2141 quam
452 2073 574 2140 expetet,
591 2062 825 2138 pulchritudinem
843 2071 1039 2135 consequetur.
1058 2063 1149 2120 Onme
1169 2063 1252 2135 igitur

92 2199 210 2268 coelum,
224 2196 282 2252 sive
294 2193 426 2265 mundus,
437 2193 496 2251 sive
505 2192 604 2266 quovis
613 2192 669 2250 alio
681 2191 814 2250 vocabulo
830 2191 943 2265 gaudet,
956 2190 1009 2247 lroc
1021 2206 1036 2246 a
1049 2189 1131 2246 nohis
1141 2205 1251 2246 nuncu·

91 2328 174 2394 patus
193 2318 240 2375 sit.
258 2320 301 2375 De
320 2332 376 2390 quo
396 2315 426 2373 id
447 2315 572 2388 primum
592 2313 811 2381 consideremus,
827 2313 901 2388 quod
916 2313 1051 2387 principio
1066 2320 1109 2370 est
1129 2313 1251 2370 inomni

91 2443 248 2518 quaestione
259 2440 504 2510 considerandum,
518 2455 665 2514 semperne
680 2439 774 2511 luerit,
783 2440 861 2497 nullo
871 2448 1020 2514 generatus
1033 2448 1098 2497 ortu
1109 2457 1117 2510 3
1127 2454 1163 2496 an
1174 2446 1253 2496 ortus

90 2568 137 2641 sit,
160 2568 197 2626 ab
216 2567 310 2642 aliquo
326 2567 461 2641 temporis
475 2566 642 2641 principatu.
659 2568 745 2646 Ortus
764 2574 821 2635 est3
840 2564 1066 2638 quandoquidem
1081 2564 1207 2622 cernitur
1225 2573 1253 2622 et

90 2698 216 2771 tangitur
235 2704 263 2754 et
284 2704 327 2754 est
339 2694 463 2769 undique
482 2704 663 2768 corporatus:
681 2695 776 2752 omnia
796 2702 891 2752 autem
910 2695 974 2751 talia
988 2710 1102 2752 sensum
1115 2703 1250 2763 movent;
1296 2715 1308 2759 4

90 2837 246 2895 sensusque
261 2821 402 2879 mouentia
415 2835 477 2894 quae
492 2827 568 2891 sunt,
580 2819 680 2877 eadem
700 2820 727 2876 in
747 2818 878 2892 opinione
891 2820 1063 2888 consistunt,
1082 2835 1144 2892 quae
1158 2828 1249 2876 ortum

89 2945 196 3004 habere
209 2944 341 3020 gignique
353 2944 492 3013 diximus3
509 2944 575 3000 nihil
591 2953 686 3001 autent
700 2943 775 3018 gigni
789 2959 870 3016 posse
882 2944 942 3001 sine
956 2944 1055 3002 causis.
1068 2947 1158 3017 Atque
1171 2944 1249 3001 illum

90 3069 206 3144 quidem
215 3069 293 3143 quasi
310 3077 452 3142 parentem
462 3068 546 3142 hujus
556 3067 744 3125 universitatis
755 3068 891 3138 invenire,
905 3067 1033 3137 diificile;
1051 3077 1078 3124 et
1093 3083 1179 3141 quum
1190 3068 1250 3141 jam

91 3197 240 3264 inveneris,
252 3195 375 3252 indicare
390 3195 419 3251 in
433 3193 540 3268 vulgus,
554 3192 643 3251 neias.
656 3196 766 3252 Rursus
779 3193 865 3268 igitur
874 3193 1033 3263 videndum,
1044 3194 1090 3252 ille
1100 3193 1253 3252 fabricator

91 3326 163 3384 tanti
195 3321 288 3397 operis
307 3326 401 3378 utrum
421 3320 459 3376 sit
478 3317 603 3377 imitatus
626 3319 776 3393 exemplar,
798 3319 875 3391 idne,
889 3320 962 3394 quod
986 3336 1097 3394 semper
1115 3337 1204 3379 unum
1223 3330 1251 3378 et

91 3452 166 3510 idem
187 3458 215 3506 ct
235 3448 277 3506 sui
300 3446 403 3512 simile,
419 3462 456 3503 an
472 3444 500 3502 id
516 3445 589 3518 quod
613 3454 775 3520 generatum
792 3454 941 3520 ortumque
958 3446 1084 3504 dicimus.
1109 3448 1205 3522 Atqui,
1228 3448 1250 3504 si

91 3575 209 3650 pulcher
228 3581 271 3630 est
283 3571 329 3629 hic
342 3569 474 3641 mundus,
489 3569 512 3626 si
526 3569 631 3643 probus
644 3571 704 3645 ejus
716 3569 825 3641 artilex,
841 3570 964 3643 prolecto
980 3573 1099 3644 speciem
1114 3574 1252 3631 aeternita·

91 3703 129 3760 tis
142 3699 247 3758 imitari
260 3698 381 3757 maluit:
401 3698 442 3754 sin
459 3713 548 3769 secus,
566 3697 693 3771 quodne
712 3697 789 3756 dictu
809 3698 923 3772 quidem
944 3698 986 3756 ias
1010 3707 1063 3769 est,
1086 3711 1250 3774 generatum

91 3824 254 3898 exemplum
267 3832 308 3881 est
325 3838 376 3896 pro
388 3831 493 3880 aeterno
507 3831 628 3881 secutus.
646 3826 709 3879 Non
729 3823 812 3896 igitur
831 3823 958 3891 dubium,
977 3824 1046 3897 quin
1066 3826 1251 3883 aetemitatem

92 3950 225 4011 maluerit
237 3949 360 4021 exsequi,
372 3947 600 4022 quandoquidem
613 3965 703 4022 neque
717 3948 824 4006 mundo
837 3950 986 4022 quidquam
997 3950 1151 4023 pulchrius,
1162 3968 1254 4024 neque

94 4073 155 4147 ejus
173 4072 344 4131 edificatore
365 4072 515 4146 pulchrius.
536 4073 582 4130 Sic
600 4088 665 4145 ergo
678 4081 837 4146 generatus,
861 4073 897 4130 ad
918 4074 946 4131 id
969 4083 1011 4131 est
1031 4074 1159 4147 effectus,
1179 4076 1254 4149 quod

94 4199 207 4256 ratione
224 4197 417 4272 sapientiaque
430 4197 685 4271 comprehenditur,
706 4208 789 4273 atque
809 4197 977 4257 immutabili
991 4201 1146 4258 aeternitate
1164 4199 1256 4257 contl-
