2790 4770
532 311 733 374 -227-

55 452 142 509 reete
156 445 365 508 sentientibus
379 445 443 507 diei
458 447 549 524 solet,
570 445 601 508 id
617 464 686 509 esse
697 447 760 527 jus,
777 447 863 527 quod
879 440 921 522 ei,
943 447 998 527 qui
1013 450 1089 527 plus
1098 455 1205 528 potest

55 553 196 616 aareest
212 552 298 634 nt.»
316 553 531 633 (tugetinus,
550 556 584 616 o.
603 555 831 634 o.‚x1x,ar.)
1211 523 1221 553 '

96 667 142 727 De
155 665 244 743 Καρ,
272 661 329 724 lib.
349 663 401 739 tv,
424 664 455 724 3.
481 702 521 713 -
551 683 565 719 ιι
579 662 782 725 Considerate
797 668 1012 736 nunooetera,
1036 681 1133 744 quant
1152 663 1216 727 sint

57 767 185 850 provisa
195 767 354 848 sapienter
370 768 409 829 ad
424 767 512 829 iilam
526 766 645 830 civium
666 768 747 830 beate
771 777 799 829 et
820 769 937 830 honeste
958 768 1000 850 (λ)
1021 767 1146 841 vivendi
1166 789 1217 834 so-

56 875 208 940 cietatem
224 895 232 939 ι
247 895 284 938 aa
300 882 348 938 est
361 875 447 937 enim
462 874 565 955 prima
576 894 671 938 causa
683 874 831 939 coeundi.
841 899 855 936 ν

97 980 167 1047 Lib.
188 984 241 1058 tv,
259 985 345 1044 6.-
361 1001 377 1039 ι
396 973 460 1043 Neo
474 998 549 1043 vero
570 979 757 1044 mulieribus
772 983 940 1062 praefectus
956 983 998 1064 (3)
1011 991 1217 1064 praeponatur

56 1089 116 1170 qui
141 1088 227 1168 apud
245 1089 371 1150 Graecos
399 1087 499 1149 creari
522 1089 616 1162 solot;
644 1089 699 1150 sed
715 1086 757 1149 sit
774 1105 900 1173 censor,
922 1086 1006 1151 viros
1020 1089 1135 1154 doceat
1148 1081 1218 1158 mo-

57 1193 381 1269 dominatoribus.»
403 1193 772 1277 (Nondenontetcoa.)
1184 1189 1187 1195 '

507 1823 681 1903 CAPUT
708 1824 782 1914 tv„

54 2083 199 2131 omma
223 2082 338 2130 uoueer
363 2082 543 2129 ersnronuu
566 2082 752 2138 onoeunnnu
767 2063 1085 2147 rourneuu',[onoeuu
1098 2082 1216 2131 suaso!
1301 2072 1305 2078 '

343 2189 451 2236 cronno
466 2188 626 2235 nxrnesstr
641 2187 792 2234 onerrone
814 2188 936 2236 soture.

101 2388 183 2463 Cio,
204 2388 338 2462 Turnat,
352 2387 405 2460 lV,
422 2402 492 2463 oap.
512 2387 550 2445 22
567 2403 574 2444 :
589 2417 629 2427 -
642 2367 684 2444 do
698 2381 767 2444 sine
781 2381 841 2444 hac
855 2382 1042 2462 gladiatoria
1054 2386 1220 2452 iracundia

56 2499 206 2561 videmus
219 2496 476 2579 progredientem
491 2495 575 2573 apud
593 2495 768 2554 Homerum
785 2492 914 2571 Ajacem
932 2494 1031 2557 multa
1051 2514 1125 2559 cum
1136 2498 1219 2561 hila·

57 2605 169 2679 ritate,
196 2620 294 2684 quum
318 2603 554 2680 depugnaturus
583 2601 667 2658 esset
688 2614 763 2658 eum
778 2598 915 2658 Hectore
932 2616 939 2656 :
956 2598 1059 2677 cujus,
1084 2605 1218 2664 utarma

56 2705 208 2786 sumpsit,
233 2703 385 2784 ingressio
411 2703 553 2765 laetitiam
575 2701 683 2764 attulit
704 2699 810 2776 sociis,
826 2705 982 2764 terrorem
995 2708 1102 2765 autem
1117 2703 1218 2767 hosti·

56 2816 153 2878 bus:
183 2819 220 2876 ut
232 2814 338 2892 ipsum
360 2814 543 2886 Hectorem,
570 2809 842 2889 quemadmodum
867 2813 915 2871 est
930 2811 1013 2888 apud
1029 2813 1214 2888 Homerum,
1320 2807 1334 2823 ’

55 2923 268 2998 totopeotore
281 2923 472 2981 trementem
488 2906 675 2997 prov'ooasse
692 2916 732 2976 ad
747 2914 1066 3006 pugnampoeniteret
1079 2918 1135 2996 (4).

94 3110 133 3176 (l)
149 3108 191 3159 stc
202 3106 268 3176 apud
281 3107 356 3169 Pht„
368 3105 450 3166 civit„
464 3105 485 3166 1,
503 3105 619 3156 delinitur
639 3121 653 3157 a
671 3105 885 3172 quadamtenus
904 3107 933 3156 τό
945 3104 990 3158 τοῦ
1003 3107 1146 3173 κρείττονος
1155 3108 1216 3175 {tip-

56 3213 147 3263 WW·
751 3251 753 3255 ,

92 3281 131 3346 (2)
149 3280 204 3332 vid.
213 3280 312 3332 λείποι.
323 3283 406 3347 Hemp.
414 3276 460 3337 ΙΙΙ,
473 3280 488 3328 9
504 3292 511 3328 ι
530 3276 607 3333 Τιλος
617 3275 660 3340 μὲν
672 3267 715 3326 οὖν
730 3274 825 3332 πόλεως
834 3275 864 3325 τό
874 3267 901 3326 td
912 3279 980 3341 ζῇν...
991 3282 1066 3328 τοῦτο
1076 3276 1098 3327 δ’
1109 3277 1173 3342 ἔστι,
1184 3279 1214 3329 τὸ

54 3372 103 3432 ζῇν
115 3366 266 3431 εὐδαιμόνως
276 3365 318 3417 καὶ
331 3364 421 3420 καλῶς.

92 3452 131 3518 (θ)
147 3450 272 3519 Improbat
286 3460 368 3502 autem
383 3447 564 3514 magistratum,
582 3444 625 3512 qui
641 3452 694 3495 erat
711 3444 777 3510 apud
799 3442 895 3494 Graeooe
912 3446 1093 3513 γυναικονόμος
1104 3447 1214 3513 (Ariston

54 3534 128 3603 aetp.
140 3535 170 3598 V,
184 3539 234 3602 15).

92 3620 129 3687 (λ)
146 3620 183 3672 (li.
195 3621 293 3673 Homer.
308 3618 385 3670 Iliad.
404 3618 456 3678 vlt,
470 3620 518 3668 211
537 3626 562 3667 et
573 3632 628 3683 sqq.
643 3632 650 3667 :

243 3725 316 3783 Τοῖος
329 3722 369 3791 ἄρ’
382 3721 446 3780 Αἴας
459 3714 526 3788 ὦρτο
539 3720 668 3787 πελώριος,
684 3718 758 3784 ἕρκος
776 3717 887 3783 Ἀχαιῶν,

244 3807 355 3873 μειδιόων
369 3807 512 3875 βλοσυροῖσι
522 3805 689 3874 προσώπασι·
704 3803 775 3870 νέρθε
787 3802 814 3851 δὲ
824 3801 914 3853 ποσσὶν

241 3892 281 3955 ἧίε
295 3894 378 3960 ραχρδ
392 3893 470 3959 βιὸδς,
484 3890 598 3960 κραδάων
610 3887 763 3955 δολιχόσκιον
777 3885 858 3953 ἔγχος.

243 3977 291 4028 Τόν
302 3977 330 4027 δὲ
342 3977 384 4027 καὶ
406 3976 506 4042 Ἀργεῖοι
522 3973 575 4041 μέγ’
591 3974 692 4039 ἐγήθεον
706 3971 880 4039 εῐσορόωντις·

244 4064 333 4129 Τρῶας
346 4062 372 4112 δὲ
384 4061 476 4128 τρόμος
491 4060 556 4118 αἰνός
569 4060 676 4119 ὑπήλυθε
688 4059 746 4122 γυῖα
760 4059 877 4121 ἕκαστον,

246 4147 353 4214 Ἕκτορί
365 4149 387 4196 τ’
400 4146 469 4211 αὐτῷ
485 4145 562 4206 θυμὸς
575 4143 609 4195 ἐνὶ
619 4145 737 4203 στήθεσσι
748 4141 889 4192 πάτασσεν·

244 4230 294 4282 ἀλλ’
310 4227 394 4287 οὔπως
407 4228 441 4280 ἔτι
457 4223 521 4296 εἶχεν
534 4230 681 4296 ὑποτρέσαι,
696 4224 747 4278 οὐδ’
762 4227 877 4278 ἀναδῦναι

246 4313 281 4378 ἄψ
294 4317 360 4368 λαῶν
372 4315 397 4374 t<
409 4317 503 4383 όμιλον,
517 4316 569 4367 ὶπεὶ
578 4314 768 4382 προκαλέσσατο
780 4311 873 4380 χάρμῃ.
