2790 4770
638 191 842 280 ..ιιι-

161 355 367 440 διεστηκότα·
388 364 427 434 ὧν
443 367 468 435 εἰ
490 369 543 462 μὲν
563 370 754 463 κρατήσοιεν,
768 359 838 463 δίκη
859 363 1253 460 βιώσοιντο,·κρατηθίντες
1274 354 1293 428 δ
1298 363 1322 447 ἐ,

163 481 279 581 ἀδικία.
301 490 395 557 Καὶό
417 492 470 585 μὲν
492 488 523 558 εὖ
543 493 597 560 τὸν
617 495 817 585 προσήκοντα
837 492 957 584 χρόνον
973 488 1066 575 βιοὺς,
1087 487 1178 555 πάλιν
1205 486 1244 564 εἰς
1265 489 1321 561 τήν

164 625 219 682 τοῦ
238 609 384 710 ξυννόμου
403 618 556 711 πορευθεὶς
576 617 690 692 οἴκησιν
719 613 842 711 ἀστρου,
865 616 929 702 βίον
951 607 1119 706 εὐδαίμονα
1139 612 1191 680 καὶ
1209 614 1320 687 συνήθη

163 732 245 817 ἕξοι·
266 743 391 833 σραλεὶς
420 734 455 809 δὲ
476 743 594 809 τούτων
616 742 655 820 εἰς
674 743 815 836 γυναικὸς
833 743 920 834 ρύσιν
938 745 967 808 ἐν
994 749 1032 835 τῇ
1061 731 1190 830 δευτέρᾳ
1208 740 1321 832 γενέσει

160 861 343 955 μεταόαλοῒ,
359 869 400 958 μή
419 868 590 961 παυόμενός
619 894 652 935 τε
670 861 698 935 ἐν
717 869 839 946 τούτοις
854 867 902 933 ἐτι
925 862 1046 947 κακίας,
1069 863 1185 956 τρόπον
1207 860 1239 929 ὃν
1264 887 1319 929 κα-

162 991 298 1077 κύνοιτο,
324 989 406 1059 κατὰ
431 997 486 1069 τήν
512 994 685 1085 ὁμοιότητα
712 1002 768 1070 τῆς
791 1002 846 1059 τοῦ
873 990 988 1086 τρόπου
1008 992 1151 1083 γενέσεως
1182 987 1223 1064 είς
1253 1016 1321 1055 τινα

162 1118 306 1190 τοιαύτην
328 1115 372 1182 ἀεὶ
396 1113 571 1210 μεταόαλοῖ
598 1118 701 1212 θηρίου
729 1119 830 1210 φύσιν,
856 1116 1017 1184 ἀλλάττων
1046 1141 1080 1182 τε
1108 1118 1142 1182 ού
1173 1114 1319 1207 πρότερον

162 1241 262 1309 πόνων
290 1235 391 1328 λήξοι,
422 1243 489 1335 πρὶν
518 1255 556 1317 τή
588 1247 704 1311 ταύτοῦ
739 1243 791 1310 καὶ
823 1241 929 1334 ὁμοίου
950 1232 1083 1333 περιόδῳ
1112 1250 1152 1334 τῇ
1181 1242 1211 1305 ἐν
1237 1243 1320 1323 αὑτῷ

163 1361 418 1458 ξυνεπισπόμενος
453 1369 506 1435 τὸν
539 1369 634 1437 πολὺν
663 1367 754 1461 όχλον
780 1369 832 1435 καὶ
862 1369 986 1460 ὕστερον
1001 1365 1180 1457 προσφύντα
1208 1367 1242 1431 ἐκ
1264 1391 1323 1431 πυ·

163 1494 212 1584 ρὸς
240 1493 292 1560 καὶ
311 1485 426 1572 ὕδατος
459 1495 511 1561 καὶ
544 1495 630 1587 ἀέρος
664 1493 716 1562 καὶ
748 1504 817 1587 γῆς,
839 1484 998 1584 θορυύώδη
1026 1490 1079 1559 καὶ
1101 1487 1212 1583 άλογον
1236 1489 1324 1576 όντα,

161 1619 245 1712 λόγῳ
273 1621 428 1712 κρατήσας
462 1618 502 1697 είς
530 1596 566 1687 τὸ
599 1629 656 1698 τῆς
681 1620 806 1709 πρώτης
836 1616 887 1684 καὶ
915 1615 1041 1712 ἀρίστης
1071 1613 1215 1709 ἀφίκοιτο
1244 1605 1326 1694 εἶδος

163 1736 266 1822 ἕξεως.
558 1719 560 1723 y

218 1855 253 1931 Χ
259 1853 323 1934 HI.
347 1868 635 1961 Διαθεσμοθετήσας
655 1859 690 1934 δὲ
704 1863 808 1933 πάντα
823 1869 928 1944 αὐτοῖς
947 1873 1062 1953 ταῦτα,
1079 1865 1129 1932 ἵνα
1145 1873 1201 1943 τῆς
1219 1865 1328 1932 ἔπειτα

165 1990 209 2065 εἴη
233 1990 341 2070 κακίας
363 1992 502 2060 ἑκάστων
518 1993 662 2075 ἀναίτιος,
679 1992 796 2085 ἔσπειρε
817 1991 887 2069 τοὺς
916 1991 970 2083 μὲν
993 1989 1033 2068 είς
1056 1999 1126 2084 γῆν,
1145 1990 1216 2078 τοὺς
1242 1981 1271 2056 δ’
1288 1987 1327 2066 εἰς

167 2121 307 2202 σελήνην,
327 2117 399 2194 τοὺς
426 2108 456 2182 δ’
479 2116 520 2196 εἰς
535 2113 638 2184 τάλλα
661 2117 718 2183 ὅσα
743 2116 859 2210 όργανα
880 2116 1005 2209 χρόνου.
1032 2115 1078 2182 Τὸ
1099 2104 1133 2182 δὲ
1162 2111 1242 2208 μετὰ
1276 2113 1327 2180 τὸν

165 2241 279 2335 σπόρον
294 2250 358 2321 τοῖς
380 2245 457 2322 νέοις
482 2234 643 2333 παρέδωκε
668 2242 745 2320 θεοῖς
765 2245 898 2334 σώματα
928 2240 1076 2308 πλάττειν
1097 2236 1204 2325 θνητά,
1232 2239 1271 2306 τό
1296 2243 1327 2304 τ’

165 2365 321 2434 ἐπίλοιπον
344 2368 414 2434 όσον
431 2369 477 2434 έτι
498 2366 534 2443 ἦν
563 2365 662 2459 ψυχῆς
682 2367 871 2458 ἀνθρωπίνης
887 2361 955 2434 δέον
973 2366 1205 2460 προσγένεσθαι,
1231 2375 1327 2432 τοῦτο

165 2493 217 2559 καὶ
239 2491 327 2559 πάνθ’
345 2496 403 2560 ὅσοι
421 2493 575 2561 ἀκόλουθα
597 2492 718 2573 ἐκείνοις
739 2493 1009 2588 ἀπεργασαμένους
1029 2488 1132 2585 άρχειν
1163 2489 1216 2558 καὶ
1244 2487 1329 2558 κατὰ

102 2616 105 2624 ’
167 2607 295 2708 δύναμιν
316 2619 363 2685 ὅτι
381 2618 536 2686 κάλλιστα
553 2618 605 2686 καὶ
626 2614 739 2712 άριστα
756 2620 793 2686 τὸ
822 2618 928 2692 θνητὸν
950 2609 1150 2710 διακυόερνᾷν
1171 2608 1262 2699 ζῶον,
1283 2617 1330 2682 ότι

167 2745 209 2833 μή
224 2753 327 2809 κακῶν
348 2744 421 2810 αὐτὸ
440 2748 541 2829 ἐαυτῷ
559 2743 695 2838 γίγνοιτο
715 2741 824 2811 αἴτιον.
846 2743 909 2810 Καὶ
929 2743 1013 2836 ὁμὲν
1033 2734 1071 2818 δὴ
1089 2742 1213 2809 ἅπαντα
1226 2750 1329 2808 ταῦτα

168 2858 318 2947 διατάξας
346 2869 445 2962 ἔμενεν
476 2875 505 2938 ἐν
535 2877 578 2956 τῷ
610 2875 721 2936 ἑαυτοῦ
741 2866 824 2935 κατὰ
854 2870 969 2963 τρόπον
1000 2869 1087 2941 ήθει·
1114 2869 1261 2959 μένοντος
1294 2857 1330 2931 δέ

165 2996 329 3072 νοήσαντες
345 2995 373 3061 οἱ
387 2985 497 3073 παῖδας
520 2996 576 3068 τήν
598 3004 652 3060 τοῦ
671 2994 787 3087 πατρὸς
807 2988 891 3072 τάξιν
911 2991 1065 3061 ἐπείθοντο
1087 2995 1182 3086 αὐτῇ,
1198 2991 1250 3058 καὶ
1267 2994 1325 3057 λα-

168 3113 274 3197 ύόντες
290 3117 443 3184 ἀθάνατον
471 3121 566 3211 ἀρχὴν
593 3118 703 3192 θνητοῦ
718 3111 814 3205 ζῴου,
825 3119 1006 3210 μιμούμενοι
1027 3117 1081 3183 τὸν
1101 3117 1247 3210 σφέτερον
1269 3106 1327 3188 δη-

168 3243 325 3335 μιουργὸν,
345 3244 440 3335 πυρὸς
459 3244 510 3310 καὶ
525 3255 580 3337 γῆς
595 3234 711 3320 ὕδατός
726 3268 757 3309 τε
772 3242 824 3309 καὶ
840 3243 927 3335 ἀέρος
941 3243 1003 3309 ἀπὸ
1025 3249 1077 3308 τοῦ
1092 3240 1210 3331 κόσμου
1227 3232 1328 3308 δανει-

167 3358 288 3457 ζόμενοι
304 3364 396 3461 μόρια
413 3374 452 3446 ὡς
475 3360 732 3459 ἀποδοθησόμενα
748 3366 854 3452 πάλιν,
870 3365 910 3445 εἰς
926 3368 1038 3434 ταύτὸν
1052 3362 1093 3431 τὰ
1105 3360 1330 3457 λαμύανόμενα

167 3483 353 3573 ξυνεκόλλων
376 3495 410 3559 οὔ
435 3501 500 3571 τοῖς
521 3493 656 3576 ἀλύτοις,
682 3488 725 3569 οἷς
749 3490 836 3558 αὐτοὶ
863 3486 1051 3583 ξυνείχοντο,
1074 3481 1221 3583 δεσμοῖς,
1250 3487 1332 3556 ἀλλὰ

168 3605 221 3680 διὰ
235 3617 429 3708 σμικρότητα
439 3617 584 3710 ἀοράτοις
595 3626 720 3695 πυκνοῖς
732 3618 863 3710 γόμφοις
876 3610 1084 3702 ξυντήκοντες,
1097 3612 1127 3680 ἐν
1143 3609 1176 3692 ἐξ
1187 3615 1331 3684 ἁπάντων

167 3732 407 3832 ἀπεργαζόμενοι
435 3752 525 3834 σῶμα
547 3744 690 3828 ἕκαστον,
710 3739 768 3820 τάς
786 3752 841 3821 τῆς
869 3740 1023 3809 ἀθανάτου
1047 3736 1146 3833 ψυχῆς
1170 3730 1333 3832 περιόδους

167 3854 286 3930 ἐνέδουν
303 3863 343 3942 εἰς
362 3865 523 3958 ἐπίρρυτον
542 3878 633 3959 σῶμα
649 3866 702 3934 καὶ
716 3868 904 3961 ἀπόρρυτον.
922 3865 963 3931 Αἱ
982 3858 1012 3931 δ’
1028 3865 1068 3944 είς
1084 3866 1231 3959 ποταμὸν
1246 3855 1333 3931 ἐνδι-

169 3986 265 4055 θιῒσαι
281 3990 378 4056 πολὺν
406 3991 468 4057 οὔτ’
492 3991 636 4083 ἐκράτουν
663 3994 729 4060 ούτ’
755 3995 959 4086 ἐκρατοῦντο,
988 3991 1042 4082 βίᾳ
1069 3982 1098 4057 δ’
1119 3992 1263 4084 ἐφέροντο
1281 3986 1334 4054 καὶ

171 4113 288 4207 ἐρερον,
308 4118 386 4181 ὥστε
405 4114 440 4182 τὸ
467 4116 520 4206 μὲν
541 4119 611 4183 όλον
633 4117 778 4184 κινεῖσθαι
797 4111 885 4206 ζῷον,
906 4117 1050 4194 ἀτάκτως
1075 4117 1134 4206 μήν
1157 4115 1218 4188 όπη
1242 4115 1334 4204 τύχοι

171 4246 308 4337 προϊέναι
323 4244 375 4311 καὶ
396 4244 533 4337 ἀλόγως,
552 4243 609 4325 τὰς
632 4237 665 4321 ἐξ
688 4244 812 4322 ἁπάσας
830 4249 959 4322 κινήσεις
984 4244 1074 4334 ἔχον·
1096 4241 1138 4319 είς
1160 4267 1196 4309 τε
1217 4233 1278 4336 γάρ
1296 4239 1332 4304 τὸ
