2790 4770
595 317 795 378 -251-
901 391 903 395 ¹

158 446 231 525 Cap.
249 450 289 509 34
301 467 308 510 :
322 482 362 495 -
376 451 518 531 Hegesiae
536 452 618 514 liber
633 461 691 528 est,
711 454 951 535 «Ἀποκαρτορῶν,
967 474 982 513 ν
998 455 1084 534 quod
1096 473 1116 516 a
1128 457 1192 515 oitn
1205 456 1272 531 qui-

117 542 187 602 dam
198 547 395 624 parinediam
409 547 573 628 discedens,
599 557 765 614 revocatur
790 552 829 614 ab
850 552 960 614 amieis
983 551 1122 632 :quihus
1137 569 1269 630 respon-

117 652 195 713 dens
215 651 288 716 vitae
308 655 455 718 humanae
481 665 646 722 enumerat
668 661 883 723 incommoda.

569 892 709 954 Tusculani„
723 894 767 946 lib.
783 893 824 946 lll.

155 1084 229 1165 Cap.
255 1091 275 1147 4
301 1107 310 1147 :
333 1089 469 1148 -Num
497 1088 627 1169 reliquae
646 1106 773 1169 quoque
786 1090 1024 1168 perturbationes
1041 1088 1145 1159 animi,
1162 1084 1270 1145 lormi-

115 1188 216 1268 dines,
241 1191 398 1267 libidines,
421 1193 618 1258 inaoundiae?
631 1198 707 1258 Haeo
732 1195 818 1256 enim
837 1196 904 1257 fere
924 1197 999 1255 sunt
1014 1190 1184 1271 ejusmodi,
1199 1189 1269 1271 quae

114 1295 215 1359 Graeci
231 1299 309 1371 Πάθη
322 1301 504 1378 appellant:
522 1319 580 1381 ego
595 1297 741 1380 poteram
758 1302 890 1378 morbos,
911 1307 943 1364 et
959 1301 990 1361 id
1008 1299 1141 1361 verbum
1155 1303 1237 1361 esset
1252 1315 1269 1360 e

114 1403 228 1480 verbo;
251 1407 305 1466 sed
327 1407 360 1467 in
385 1409 651 1471 consuetudinem
671 1414 813 1471 nostram
834 1424 898 1468 non
914 1408 1054 1469 caderet.
1079 1407 1158 1466 Nam
1176 1404 1269 1467 mise·

114 1511 187 1587 reri,
213 1512 362 1591 invidere,
389 1516 516 1596 gestire,
535 1516 646 1591 laetari,
674 1517 744 1580 haee
774 1515 881 1577 omnia
904 1515 1017 1576 morbos
1039 1513 1140 1576 Gnaeoi
1164 1514 1269 1593 appel·

113 1617 188 1688 lant,
205 1628 302 1682 motus
318 1627 539 1685 ammirationi
561 1642 621 1685 non
640 1625 870 1703 obtemperantis
892 1643 902 1683 :
924 1640 981 1683 nos
997 1626 1105 1683 autem
1124 1621 1183 1682 hos
1202 1638 1268 1701 eos-

114 1727 187 1787 dem
223 1735 328 1792 motus
362 1731 511 1795 oonoitati
540 1733 636 1795 animi
663 1739 767 1808 reate,
799 1738 834 1794 ut
863 1731 997 1810 opinor,
1024 1729 1268 1809 perturbationes

114 1833 305 1912 dixerimus,
328 1840 442 1902 morbos
462 1845 567 1901 autem
589 1840 739 1903 nonsatis
763 1840 905 1903 usitate:
930 1839 989 1900 nisi
1011 1838 1087 1918 quid
1104 1836 1188 1898 aliud
1206 1835 1266 1897 tibi
1316 1922 1318 1927 Ι

115 1940 249 2004 videtur.

154 2055 229 2132 Cap.
243 2057 262 2117 5
279 2075 285 2116 :
302 2058 463 2137 -ltaque
480 2056 556 2118 nihil
581 2056 695 2119 melius
709 2074 804 2137 quam
819 2058 903 2137 quod
921 2062 968 2118 est
989 2055 1021 2116 in
1038 2052 1269 2117 consuetudine

115 2161 270 2222 sermonis
293 2162 393 2237 latini,
412 2181 513 2244 quum
531 2165 631 2226 exisse
647 2183 685 2226 ex
699 2168 855 2243 potestate
870 2164 1008 2224 dicimus
1024 2180 1087 2236 eos,
1104 2159 1157 2239 qui
1174 2160 1267 2234 elire-

114 2267 180 2328 nati
203 2267 347 2330 feruntur
366 2276 420 2333 aut
435 2270 568 2333 libidine
580 2276 633 2332 alit
654 2271 829 2333 iracundia.
855 2273 1042 2348 Quanquam
1059 2269 1127 2347 ipsa
1141 2268 1267 2329 iracun-

115 2475 218 2538 libido.
234 2477 293 2548 Qui
309 2480 406 2559 igitur
421 2481 520 2544 exisse
541 2500 579 2544 ex
600 2487 756 2563 potestate
778 2481 942 2558 dicuntur,
964 2460 1090 2544 ¹ideireo
1116 2480 1269 2543 dicuntur

115 2585 266 2664 quianon
289 2587 409 2656 suntin
425 2596 580 2669 potestate
596 2591 722 2666 mentis,
737 2589 789 2652 oui
809 2607 943 2670 regnum
955 2590 1054 2652 totius
1069 2586 1166 2651 animi
1180 2608 1199 2650 a
1213 2608 1268 2652 na·

113 2697 183 2754 tum
196 2694 354 2758 tributum
370 2702 427 2758 est.
445 2698 543 2760 Graeci
567 2702 674 2760 autem
690 2697 797 2759 Μανίαν
814 2698 898 2758 unde
915 2699 1086 2777 appellent,
1101 2696 1268 2759 nonlaoile

114 2799 261 2865 dixerim.
288 2804 365 2865 Eam
392 2810 497 2866 lamen
518 2804 618 2885 ipsam
636 2803 862 2884 distinguimus
885 2821 942 2865 nos
958 2804 1084 2880 melius,
1100 2823 1195 2884 quam
1208 2805 1265 2866 illi.

114 2906 202 2969 Hanc
219 2910 305 2970 enim
327 2911 495 2987 insaniam,
518 2930 588 2990 quae
611 2910 722 2989 junata
748 2910 889 2973 stultitiae
907 2916 994 2989 patet
1008 2911 1111 2984 latius,
1127 2929 1145 2971 a
1162 2911 1268 2973 lurore

115 3014 335 3096 disjungimus.
354 3020 455 3082 Graeci
469 3020 578 3082 volunt
597 3019 644 3080 illi
658 3019 801 3099 quidem,
823 3020 878 3083 sed
900 3036 1012 3100 parum
1027 3020 1131 3081 ualent
1145 3018 1242 3082 verba
1260 3039 1267 3081 :

114 3139 211 3202 quem
227 3143 286 3187 nos
297 3126 441 3203 furorem,
453 3127 643 3207 Μελαγχολίον
660 3125 705 3188 illi
722 3131 834 3189 vooant
852 3146 858 3187 :
874 3126 1050 3205 quasivero
1067 3133 1134 3188 atna
1148 3128 1205 3189 bili
1219 3146 1270 3189 so-

114 3229 181 3293 lum
203 3249 305 3309 mens,
324 3251 361 3296 ao
385 3252 449 3296 non
473 3252 556 3314 saepe
580 3235 627 3297 vel
651 3232 815 3295 iracundia
830 3234 985 3312 gravione,
1011 3235 1058 3296 vel
1076 3234 1202 3311 timore,
1220 3236 1268 3298 vel

115 3334 224 3396 dolore
239 3342 412 3400 moveatur.
676 3351 678 3355 ‘

157 3441 291 3517 Tassat,
324 3444 375 3521 Ill,
396 3462 466 3524 cap.
486 3447 505 3506 8
532 3466 539 3506 :
569 3479 604 3489 —
627 3445 818 3508 Venetiam
845 3444 948 3508 simile
970 3446 1055 3508 illud<
1071 3452 1128 3524 est,
1156 3447 1212 3528 qui
1227 3448 1269 3509 sit

114 3552 300 3626 temperans,
338 3567 435 3629 quem
462 3551 561 3613 Graeoi
584 3551 714 3634 Σώφρονα
739 3552 920 3631 appellant,
950 3568 1086 3632 eamque
1116 3552 1266 3615 virtutem

113 3654 290 3735 Σωφροσύνην
305 3663 426 3733 vocant,
456 3675 550 3737 quam
576 3660 662 3720 soleo
682 3659 918 3738 equitantum
933 3663 1175 3738 temperantium,
1198 3654 1267 3722 tu‘m

111 3759 345 3823 moderationem
360 3763 531 3842 appellare,
542 3782 769 3846 nonnunquam
785 3767 880 3828 etiam
894 3768 1071 3829 modestiam
1079 3786 1093 3842 ,·
1110 3768 1164 3829 sed
1179 3768 1265 3829 haud

111 3865 178 3927 seio
205 3884 245 3928 an
268 3873 354 3931 reete
376 3887 413 3932 ea
440 3870 539 3933 virtus
556 3870 719 3950 frupaiitas
744 3873 894 3953 appellari
915 3873 1015 3951 possit
1038 3874 1090 3955 (l),
1106 3875 1192 3953 quod
1209 3891 1265 3934 an-

112 3973 233 4050 gustius
248 3977 331 4054 apud
347 3979 473 4040 Graecos
486 3979 582 4053 valet;
605 3978 660 4058 qui
680 3983 766 4059 pupi
780 3979 910 4042 bomiues
923 3980 1079 4064 Χρηοίμους
1091 3981 1264 4061 appellant,

143 4234 181 4301 (l)
197 4231 312 4286 Fluctua
326 4235 408 4302 igitur,
425 4247 454 4289 ut
466 4238 584 4304 videmus,
601 4240 687 4291 Cioero
699 4250 773 4307 atque
787 4241 893 4292 incertus
906 4252 950 4303 est,
966 4259 1015 4309 quo
1029 4243 1106 4294 latina
1119 4240 1193 4293 verbo
1206 4258 1265 4309 grn-

111 4333 167 4370 enm
179 4321 331 4387 Σωφροσύνη
346 4321 476 4390 exprimat,
490 4333 616 4392 tentatque
630 4325 709 4392 plum.
