2790 4770
592 332 773 397 ..gp-

216 489 307 580 όρμον
326 485 536 581 ἐσερχόμενοι·
557 491 613 564 τὴν
629 481 658 554 θ’
677 485 788 555 αὐτίκα
807 491 868 565 ποῖς
888 482 1060 554 ἀνακόπτει

215 621 285 702 νῆα,
305 611 484 707 παλιρροθίη
502 604 539 681 θὲ
557 612 749 682 καθάπτεται
767 612 925 708 ἠπείροιο·

217 736 258 818 ὣς
274 742 331 832 ἥγε
347 738 519 833 πρύμνηθεν
535 726 652 818 Ῐησονὶς
668 743 792 807 ἕλκεται
809 726 915 832 Ᾰργώ.

216 865 280 930 Καὶ
298 860 338 932 τὰ
352 864 406 957 μὲν
422 865 506 958 ἠερίη
522 865 574 933 καὶ
589 864 755 960 ἀνάστερος
772 859 843 957 ἀχρι
858 866 931 956 παρ’
948 861 1040 928 αὐτὸν

112 988 176 1057 350
217 987 298 1057 ἱστὸν
314 990 376 1057 ἀπὸ
395 991 519 1085 πρῴρης
535 992 667 1084 φέρεται,
689 988 731 1057 τὰ
752 982 787 1057 θέ
803 994 890 1060 παῖσα
909 989 1027 1082 pueruli.

215 1116 280 1184 Καὶ
293 1113 322 1184 οἱ
336 1105 487 1190 πηθαλιον
504 1118 735 1210 κεχαλασμένον
756 1118 933 1211 ἐστόρικτοιι

214 1240 323 1310 ποσσὶν
342 1243 392 1307 ὑπ’
408 1239 555 1334 οὐραίοισι
576 1241 676 1320 Κυνὸς
695 1241 897 1337 προπάροιθεν
918 1238 1028 1318 ἰόντος.

270 1368 334 1441 Trio
352 1354 372 1430 θ
375 1364 389 1431 θ
405 1365 456 1433 καὶ
470 1368 526 1433 οὐκ
539 1363 639 1461 ολίγον
656 1391 711 1460 περ
728 1365 881 1461 ἀπόπροθι
894 1368 1068 1438 πεπτηυῖαν

218 1479 420 1585 Ᾰνθρομέθην
445 1490 525 1585 μέγα
543 1494 647 1570 Karta
668 1492 869 1587 ἐπερχόμενον
889 1486 1076 1584 κατεπείγει.

109 1615 171 1685 355
213 1600 313 1709 Ημὲν
333 1611 391 1710 γὰρ
414 1619 547 1711 Θρηίκος
562 1618 621 1686 ὑπὸ
639 1629 728 1713 πνοιῇ
752 1621 863 1714 βορέαο

214 1742 374 1834 κεκλιμένη
391 1742 529 1833 φέρεται,
548 1744 585 1811 τὸ
599 1733 635 1812 δέ
650 1743 679 1811 οἱ
697 1745 787 1824 νότος
801 1744 907 1838 ἐχθρὸν
923 1744 1019 1839 ἀγινεῖ

214 1868 335 1954 Κῆτος,
349 1867 409 1936 ὑπὸ
431 1869 518 1960 Κριῷ
537 1893 572 1935 τε
584 1868 638 1936 καὶ
651 1853 775 1966 Ῐχθόσιν
792 1871 1024 1965 ἀμφοτέροισιν,

219 1994 306 2080 βαιὸν
328 1993 403 2087 ὑπὲρ
424 1997 575 2086 Ποταμοῦ
596 1990 784 2090 βεόλημίνον
803 1994 1029 2093 ἀστερόεντος(Ι

216 2114 291 2188 Οἷον
305 2116 363 2214 γὰρ
380 2117 502 2187 κάκεῖνο
524 2119 597 2186 θεῶν
613 2119 672 2189 ὑπό
692 2122 785 2191 ποσσὶ
804 2129 943 2218 φορεῖται

113 2248 177 2315 360
217 2240 359 2335 λείψανον
382 2229 563 2336 Ηριθανοῒο,
580 2250 797 2316 πολυκλαύτου
814 2255 982 2342 ποταμοῖο.

219 2368 284 2440 Καὶ
297 2370 333 2437 τὸ
349 2370 403 2462 μὲν
419 2356 556 2464 ίὶρίωνος
570 2372 630 2439 ὑπὸ
645 2374 751 2440 σκαιὸν
771 2364 858 2442 πόθα
875 2375 977 2467 τέμνει
994 2396 1002 2414 ·

220 2735 366 2793 obvertunt
377 2747 478 2790 navem
489 2747 592 2806 magno
606 2748 671 2790 oum
686 2733 809 2807 pondere
822 2744 924 2803 nautae,

220 2841 399 2900 aversumque
413 2824 528 2882 trahunt
542 2832 637 2897 optata
648 2824 684 2881 ad
694 2825 787 2884 littora
800 2827 935 2900 puppim:

220 2917 260 2976 sie
274 2931 407 2975 converso
419 2922 499 2971 vetus
513 2929 597 2986 super
610 2913 715 2972 aethera
729 2917 846 2973 vertitur
859 2919 953 2990 Arg03

218 3023 301 3087 atque
315 3023 403 3085 usque
417 3025 433 3065 a
448 3024 529 3082 prora
544 3007 582 3066 ad
594 3009 700 3066 oelsum
714 3009 774 3068 sine
788 3011 893 3068 lumine
908 3010 1026 3080 malum,

220 3121 237 3163 a
252 3103 326 3160 malo
338 3101 372 3158 ad
385 3099 500 3175 puppim
514 3114 579 3157 oum
592 3098 697 3157 lumine
711 3101 783 3158 clara
797 3100 923 3172 videtur3
938 3130 943 3141 ·

219 3193 285 3252 inde
300 3190 510 3266 gubernaclum,
525 3188 649 3264 disperso
663 3191 771 3249 lumine
785 3191 903 3266 fulgens,

222 3283 288 3342 olari
301 3279 455 3357 posteriora
467 3280 551 3337 Canis
565 3280 680 3355 vestigia
694 3280 800 3339 condit.

223 3373 295 3431 Exin
307 3378 444 3430 semotam
456 3370 554 3444 prooul
568 3370 596 3425 in
609 3377 728 3445 tutoque
741 3371 861 3429 looatam

178 3459 180 3464 ’
222 3461 430 3521 Andromedam
446 3467 541 3517 tamen
553 3460 704 3533 explorans·
714 3459 769 3518 iera
785 3473 909 3535 quaerore
921 3460 1024 3518 Pistrix

224 3553 325 3628 pergit,
338 3559 366 3609 et
377 3565 465 3624 usque
479 3550 562 3607 sitam
573 3548 680 3607 validas
692 3546 836 3625 Aquilonis
847 3549 883 3608 ad
895 3564 978 3610 auras

225 3641 326 3701 oaerula
339 3639 465 3713 vestigat,
479 3637 558 3695 finita
570 3638 599 3695 in
614 3638 738 3713 partibus
749 3640 854 3697 Austri.

226 3728 306 3789 Hane
323 3718 403 3787 Aries
414 3728 495 3800 regit,
509 3737 536 3784 et
550 3743 699 3802 squamoso
713 3746 828 3805 oorpore
840 3730 944 3799 Pisoes,

225 3816 349 3878 fluminis
361 3815 463 3877 illustri
474 3824 637 3889 tangentem
648 3834 765 3892 corpore
780 3821 865 3894 ripas.

227 3912 354 3985 Namque
368 3908 453 3966 etiam
465 3906 616 3964 Eridanum
631 3925 728 3966 cernes
742 3910 771 3967 in
784 3919 862 3984 parte
875 3911 997 3968 locatum

229 3999 301 4071 coeli,
316 3999 458 4056 funestum
469 3995 577 4069 magnis
590 4012 656 4054 oum
670 3997 776 4057 viribus
791 4016 914 4069 amnem,

228 4105 312 4166 quem
327 4086 456 4162 lacrymis
467 4095 575 4144 moestae
590 4088 752 4146 Phaetontis
765 4105 838 4164 saepe
851 4103 961 4148 sorores

229 4186 400 4256 sparserunt,
415 4177 522 4234 lethum
535 4178 666 4257 moerenti
680 4195 747 4236 vooe
761 4191 902 4238 canentes.

228 4267 313 4327 Hunc
324 4267 436 4326 Orionis
446 4267 498 4324 sub
512 4264 581 4323 laeva
593 4282 707 4325 cernere
720 4268 814 4342 planta

230 4365 389 4433 serpentem
401 4355 518 4431 poteris3
533 4371 704 4431 proceraque
719 4358 807 4416 vinela
820 4358 936 4429 videbis,
