2790 4770
617 347 818 412 „108-

356 470 361 479 ’
444 483 738 558 Aptumvideturesso

444 591 520 635 nunc
531 574 586 634 boc
598 575 660 635 loco
673 592 804 647 monam,

443 666 759 743 questttgurauersus

443 773 527 828 quem
538 758 655 816 credidit
666 768 791 818 vetustas

442 852 575 920 tanquam
587 847 666 905 italis
677 855 822 921 repertum

441 935 605 994 Saturnium
617 929 786 996 vocandum.

439 1023 493 1081 Sed
504 1033 532 1082 et
544 1025 623 1100 origo
636 1041 738 1100 graeca,

440 1113 538 1188 istique
551 1124 661 1173 metron
673 1115 747 1173 istud

439 1213 515 1262 certo
526 1205 612 1272 modo
624 1205 761 1263 dederunt
777 1221 786 1262 a

443 1295 586 1368 nostrique
598 1311 664 1352 mox
675 1294 764 1368 poetas

445 1383 544 1441 rudem
557 1401 658 1442 sonum
669 1386 768 1452 secuti,
839 1417 841 1421 ·
878 1457 883 1469 .

439 1481 470 1530 ut
481 1489 600 1548 quaeque
610 1491 655 1533 res
667 1474 785 1544 ferebat,
862 1504 864 1508 ·

443 1560 483 1620 sla
494 1562 613 1636 disparis
623 1564 719 1638 ligurae

439 1668 537 1710 versus
548 1670 632 1729 vagos
643 1653 779 1713 ferebant.

443 1745 511 1799 Post
522 1745 626 1801 rectius
637 1745 785 1818 probatum
798 1745 851 1815 est,

445 1839 476 1888 ut
486 1832 543 1890 tale
554 1834 638 1891 colon
651 1842 724 1893 asset
751 1901 753 1905 ,

439 1921 568 1997 junctum
581 1923 670 1981 tribus
681 1922 811 1982 trochaeis
825 1942 831 1978 :

278 2018 320 2078 ut,
333 2009 355 2066 si
370 2019 449 2067 vocet
458 2027 600 2070 camoenas
610 2013 626 2084 ΙΙ
637 2013 699 2086 quis
709 2028 810 2069 novem
821 2027 943 2081 sorores,

213 2133 217 2141 =
279 2105 306 2154 et
318 2099 412 2156 Naevio
425 2109 512 2172 poetae
523 2101 539 2173 Η
550 2101 588 2157 sic
600 2101 693 2160 lerunt
704 2102 839 2170 Metellos,

276 2203 363 2260 quum
374 2203 448 2262 saepe
466 2188 643 2264 laederentur,
656 2207 714 2250 esse
726 2188 928 2248 comminutos:

280 2299 293 2325 a
306 2276 419 2334 Dabunt
431 2278 537 2335 malum
548 2280 648 2338 Metelli
660 2283 674 2350 11
685 2279 780 2337 Naevio
793 2281 893 2337 Poetae.
909 2303 923 2330 ι

439 2366 623 2440 Claudapars
634 2367 745 2426 dimetri
760 2387 767 2423 ι

438 2478 452 2506 α
465 2456 555 2514 Adest
565 2459 639 2516 celer
651 2457 790 2531 phaselus,

437 2545 783 2619 «Memphitidespuellae,

442 2657 455 2683 o
469 2634 572 2692 tinctus
582 2636 675 2693 colore
686 2635 810 2693 noctis.»

428 2723 496 2779 Post
510 2724 605 2781 Naevio
620 2731 713 2796 poetae

439 2819 498 2869 tres
510 2813 586 2870 vides
597 2812 752 2882 trochaeos;
784 2818 787 2822 '

439 2917 506 2957 nam
517 2901 555 2957 nil
569 2900 648 2958 obest
660 2900 801 2969 trochaeo,

438 2990 521 3064 ionga
533 2991 610 3064 quod
622 3006 753 3065 suprema
765 2999 817 3049 est.

177 3193 226 3253 An
241 3210 348 3253 rursus
371 3192 597 3253 affirmandum
620 3192 660 3253 sit
682 3198 810 3255 auctore
825 3191 1017 3264 Quintiliano
1035 3210 1042 3254 :
1064 3211 1078 3250 r
1092 3192 1189 3254 Poeta
1202 3209 1301 3256 nemo

136 3296 327 3360 dubitaverit
352 3297 502 3376 imperito
519 3298 660 3377 quodam
683 3298 775 3359 initio
810 3299 916 3359 lusum
943 3302 975 3359 et
995 3298 1121 3358 aurium
1149 3314 1302 3361 mensura

138 3409 169 3465 et
184 3405 331 3467 similiter
358 3407 597 3468 decurrentium
624 3407 800 3486 spatiorum
827 3405 1046 3469 observatione
1072 3421 1140 3466 esse
1169 3422 1302 3484 genera-

136 3517 244 3573 tum...
264 3512 353 3594 (illu
373 3515 454 3575 illud
471 3515 645 3593 quaesivere
659 3513 856 3593 grammatici
873 3512 984 3592 graecis
1001 3512 1168 3590 latinisque
1181 3510 1302 3574 doctri·

134 3617 181 3678 nis
194 3619 311 3681 eruditi
324 3620 380 3702 (ἓ),
396 3627 491 3700 atque
513 3638 551 3680 ex
565 3619 723 3699 probabili
737 3618 1012 3698 argumentatione
1026 3618 1148 3678 nullam
1162 3617 1298 3680 omnino

135 3725 219 3786 illius
236 3743 307 3788 vere
328 3727 461 3789 Romani
477 3726 626 3789 carminis
642 3728 725 3806 apud
739 3729 864 3788 Graecos
878 3726 1012 3805 reperiri
1028 3743 1120 3806 posse
1136 3726 1298 3805 originem

136 3833 338 3907 putaverunt.
376 3832 409 3893 Si
429 3849 503 3894 cnm
518 3832 520 3837 ’
535 3832 596 3892 illis
624 3832 827 3907 senserimus,
848 3832 924 3912 quid
946 3831 1035 3894 aliud
1054 3830 1220 3893 Saturnius
1235 3831 1298 3894 istc

60 3991 63 3995 .
134 3951 286 3998 numerus
299 3954 366 4000 esse
380 3938 480 4017 possit
492 3939 551 4000 nisi
571 3939 737 4001 distinctio
750 3944 782 4000 et
795 3937 966 4018 aequalium
980 3943 1012 3999 et
1031 3955 1115 4016 saepe
1136 3935 1300 3999 variorum

127 4042 365 4106 intervallorum
396 4046 579 4123 percussio?
608 4047 778 4126 Nunquam
806 4062 880 4106 vero
897 4044 1020 4107 exstitit
1044 4044 1099 4106 ille
1114 4042 1297 4121 Saturnius,

136 4234 139 4239 ι
167 4274 204 4339 (l)
224 4271 309 4334 Quint.
321 4278 380 4326 lust.
396 4277 475 4336 Orat„
488 4275 519 4335 X,
536 4279 560 4336 l,
578 4277 592 4342 S
608 4278 665 4328 114.

169 4359 206 4424 (2)
223 4355 291 4410 lnter
303 4374 344 4409 eos
358 4359 466 4412 eminent
480 4358 583 4422 Ritschl,
598 4359 714 4425 Dnntzer,
730 4357 820 4410 hersch
830 4367 855 4408 et
869 4357 897 4411 B.
913 4356 1041 4435 lollianus.
