2790 4770
535 375 733 442 -101-

61 537 129 603 660
170 533 294 628 οὐρανὸς
311 533 480 628 ἀντιρέρει,
503 531 672 626 Στεροίνοιό
688 556 724 600 τε
740 520 982 623 &despexistis

167 643 316 756 Ῠδρης’τ’
332 663 492 753 ἐσχατιήν·
512 659 610 753 φορέει
631 661 662 725 τ’
682 658 732 726 ἔπι
751 654 936 748 Κενταύροιο

165 784 257 879 σῶμά
271 810 307 854 τε
321 783 373 856 καὶ
392 786 540 879 κεφαλὴν,
555 781 608 852 καὶ
622 785 734 878 Θόριον
754 783 773 850 ό
789 782 814 876 ῤ’
831 782 874 849 ένὶ
886 776 964 872 χειρὶ

166 901 302 1008 δεξιτερῇ
321 913 494 1008 Κένταυρος
505 912 585 1004 ,ἔχει
604 908 664 982 Τοὶ
682 899 709 976 δ’
728 903 797 977 αὖθι
811 907 948 1001 μένουσιν

166 1029 264 1118 Τόίον
286 1038 484 1134 ἐπερχόμενον
498 1037 645 1133 πρότερον
664 1026 757 1116 πόδες
775 1031 998 1123 ἱπποτόφορος.

59 1166 125 1234 665
169 1157 259 1255 Τόξῳ
276 1164 328 1234 καὶ
342 1163 448 1261 σπείρει
467 1142 562 1260 ὄφιος
580 1165 633 1233 καὶ
654 1168 732 1258 σῶμ’
753 1149 911 1255 ὁριοόχον

170 1291 308 1360 ἀντελλει
326 1291 461 1362 ἐπιόντι·
478 1295 619 1388 καριόατα
637 1281 666 1358 δ’
688 1289 781 1370 αὐτὸς
800 1289 899 1383 ἀγινεῖ

145 1392 148 1397 γ
171 1416 319 1511 Σκορπίος
334 1418 504 1505 ἀντέλλων,
518 1416 623 1514 ἀνοίγει
638 1408 668 1484 δ’
687 1412 780 1494 αὐτὰς
795 1400 952 1507 Οφιοόχον

203 1552 220 1569 u
329 1544 337 1568 λ

168 1570 270 1639 χειρας
288 1570 340 1613 και
358 1546 509 1640 προτέρην
529 1526 627 1640 ὀριος
648 1544 831 1637 πολοτειρέα
849 1539 938 1636 ἀγόν.

168 1673 231 1739 Τοῦ
246 1696 281 1765 γε
300 1671 353 1764 μὲν
369 1657 542 1768 Εγγόναοιν
557 1660 641 1764 (περὶ
654 1667 712 1765 γὰρ
734 1667 944 1762 τετραμμένος
963 1661 1020 1732 αἰεὶ

58 1801 126 1888 670
168 1782 321 1889 ἀντέλλει)
343 1794 414 1864 τότε
429 1797 482 1889 μὲν
502 1793 640 1892 περάτης
659 1788 812 1889 ἐξέρχεται
831 1785 925 1872 ἀλλα,

167 1923 240 2018 γυῒά
260 1947 297 1989 τε
315 1921 368 1990 καὶ
390 1913 468 2002 ζώνη
483 1920 535 1990 καὶ
552 1922 664 2001 στήθεα
681 1921 785 1989 ποίντα
804 1915 856 1987 καὶ
871 1911 953 2010 ὦμος

167 2037 305 2142 δεξιτερῇ
320 2047 373 2117 σὺν
393 2045 496 2142 χειρί·
520 2046 598 2141 κάρη
618 2037 648 2114 δ’
673 2049 777 2139 ἑτέρης
796 2039 875 2137 μετὰ
895 2043 993 2136 χειρὸς

169 2165 251 2261 τόξῳ
268 2173 447 2268 ἀνέρχονται
462 2173 514 2241 καὶ
536 2167 660 2268 Τοξότρ
678 2173 870 2240 ἀντέλλοντι.

168 2298 226 2367 Σὺν
239 2304 302 2376 τοῖς
320 2285 441 2393 Ερμαίη
462 2323 494 2367 τε
513 2299 598 2393 Λόρη
617 2298 670 2367 καὶ
688 2296 810 2376 στήθεος
825 2289 912 2388 ἄχρις

55 2425 125 2519 675
171 2429 297 2517 Κηφεὺς
315 2425 396 2512 ήῴον
415 2412 641 2519 παρελαόνεται
658 2430 815 2508 ὠκεανοῖο,

168 2546 245 2643 ἦρος
258 2549 317 2617 καὶ
330 2544 474 2645 μιγαλοιο
491 2550 591 2630 Κυνὸς
610 2554 709 2619 πεῖσαι
725 2546 883 2646 ἀμαρυγαὶ

168 2665 320 2760 δόνουοιν,
339 2675 392 2744 καὶ
411 2674 518 2746 πάντα
536 2679 721 2771 κατέρχεται
739 2661 889 2772 Ὠρίωνος,

167 2796 270 2869 πάντα
287 2825 323 2896 γε
342 2801 402 2894 μὴν
424 2802 574 2871 ἀτέλεστα
591 2792 790 2896 διωκομένοιο
809 2804 952 2897 Λαγοιοῦ.

165 2977 233 3034 Ηιεο
243 2976 302 3034 obit
313 2977 446 3036 inclinata
458 2998 465 3035 z
479 2986 509 3036 at
520 2994 585 3053 pars
596 2988 692 3037 exorta
703 2980 821 3037 Coronae
833 2985 875 3037 est

165 3065 264 3137 alteru,
276 3083 342 3124 eum
353 3067 497 3142 eaudaque
508 3068 600 3125 omnis
610 3069 670 3141 jam
681 3067 814 3141 panditur
824 3065 919 3142 Hydra
933 3083 940 3121 ε

165 3162 196 3212 at
205 3164 289 3230 eaput
299 3165 328 3214 et
338 3165 431 3215 totum
442 3173 502 3215 sese
514 3159 670 3217 centaurus
683 3155 777 3230 opacis

163 3244 243 3318 eripit
256 3261 272 3304 e
283 3247 416 3318 tenebris,
429 3246 556 3321 linquens
568 3246 683 3320 vestigia
694 3262 779 3320 parva

163 3334 341 3407 Antepedum
351 3343 494 3406 contecta3
508 3336 589 3393 simui
600 3344 663 3393 tum
673 3335 780 3393 lumina
793 3334 904 3407 pandit,

163 3424 223 3496 ipse
235 3422 323 3481 feram
335 3423 432 3482 dextra
442 3425 576 3483 retinens.
590 3424 749 3483 Proiabitur
758 3424 824 3482 inde

164 3513 356 3587 Anguitenens
366 3514 457 3587 eapite
468 3523 496 3572 et
506 3514 649 3584 manibns3
662 3513 767 3587 profert
778 3514 860 3573 simul
871 3513 978 3589 Anguis

160 3600 222 3673 iam
232 3609 316 3674 eaput
328 3610 356 3659 et
366 3617 508 3659 summum
519 3602 591 3660 ileso
602 3602 637 3660 de
648 3618 767 3670 eoruore
777 3603 883 3662 iumen.

161 3687 217 3744 Hie
228 3687 272 3746 iiie
284 3690 410 3748 exoritur
421 3705 555 3748 converso
566 3707 683 3766 corpure
694 3692 791 3758 Nixus,

163 3775 268 3846 aivum,
282 3794 374 3843 οτιιιο,
387 3778 530 3847 numeros,
542 3780 624 3837 simui
636 3788 664 3836 et
675 3780 829 3852 praeeordia
841 3781 973 3850 lustrans,

163 3870 192 3921 et
203 3863 301 3922 dextra
310 3865 404 3924 radios
415 3867 478 3925 iaeto
492 3883 556 3924 eum
568 3867 675 3925 lumine
685 3869 806 3941 jactans.

161 3952 231 4011 lude
242 3955 440 4028 Sagittipotens
450 3971 564 4029 superas
575 3945 804 4016 convisere‘iuues

163 4040 264 4108 instat,
276 4049 304 4099 et
315 4043 433 4117 emergit
446 4043 510 4101 Nixi
522 4053 621 4117 οεριιες
634 4054 664 4102 et
674 4045 756 4103 simui
768 4044 849 4104 eiiert

159 4143 221 4187 sese
232 4129 308 4185 eiara
318 4129 410 4197 Fides,
424 4139 452 4188 et
464 4132 556 4204 prodit
569 4139 680 4206 pectore
691 4133 828 4206 Cepheus.

160 4216 296 4276 Fervidus
307 4218 353 4276 iiie
364 4219 447 4279 Canis
457 4228 517 4278 toto
529 4237 594 4279 eum
605 4236 724 4294 eorpure
735 4221 824 4295 cedit,

160 4307 276 4365 abditur
286 4307 384 4375 Orion,
396 4308 456 4366 obit
466 4318 495 4367 et
506 4312 597 4384 Lepus
609 4309 721 4368 abditus
731 4311 843 4384 umbra,

162 4394 297 4456 inferiora
308 4395 412 4456 eadum
421 4397 533 4474 Auriga
544 4398 650 4457 lumina
660 4397 751 4474 lapsu.
