2790 4770
655 291 857 356 -262-

645 559 865 631 amun

210 752 283 831 Cap.
302 757 321 815 2
341 770 348 814 :
365 786 405 798 -
469 753 673 834 Hancigitur‚
690 753 745 834 qui
758 758 921 835 expetunt,
939 750 1086 833 Φιλόσοφοι
1100 749 1331 811 nominantur:

171 878 228 923 nec
243 861 418 942 quidquam
441 862 527 924 aliud
542 868 589 925 est
603 862 765 944 Φιλοσοφία,
786 865 811 923 si
826 861 1028 942 interpretari
1042 861 1133 944 velie,
1152 876 1252 940 quarn
1266 865 1330 919 stu·
1346 859 1350 867 '

169 968 437 1049 diamsapieatiae.
972 1015 975 1019 -

207 1078 316 1155 (lapt
343 1097 411 1138 :-
483 1078 638 1154 Alterum,
661 1076 812 1139 cohibere
828 1081 926 1138 motus
950 1078 1050 1137 uniret
1073 1073 1223 1146 turbatos,
1254 1087 1333 1149 quos

167 1185 268 1249 Graeci
283 1184 363 1258 Πάθη
375 1187 551 1264 nominant,
567 1189 828 1266 appetitumque,
848 1204 925 1264 quas
942 1185 989 1246 illi
1006 1179 1118 1264 Ὁρμάς,
1140 1181 1332 1244 obedientes

169 1293 295 1356 efficere
311 1291 466 1357 rationi...

664 1727 702 1772 De
715 1726 846 1772 Seaectute.

215 1921 288 1998 (lap.
307 1921 344 1980 13
362 1937 369 1980 ε
384 1950 423 1963 -
439 1920 525 1980 Bene
541 1918 625 1979 enirn
648 1919 783 1998 majores
800 1914 898 1981 nostri
921 1919 1159 1981 accubitionem
1173 1918 1337 1996 epularem

176 2026 365 2104 amicorum,
394 2025 448 2104 qui
473 2023 544 2087 vitae
570 2026 827 2104 conjunctionem
855 2026 996 2101 haberet,
1027 2028 1200 2086 coavivium
1230 2021 1340 2083 nomi-

131 2157 135 2164 ·
175 2138 305 2209 narunt3
324 2132 569 2213 melius,†fquam
586 2134 687 2195 Graeci
712 2135 799 2213 :uui
824 2136 885 2195 hoc
904 2134 991 2194 idem
1006 2137 1073 2194 tum
1089 2134 1338 2209 computationem

177 2242 368 2322 (Zoparistos),
385 2247 453 2302 tum
469 2245 714 2332 concoenatiottem
724 2239 1068 2322 (Zdebrtnvorssvossant...

217 2352 292 2430 Gap.
318 2353 355 2412 ll
383 2352 448 2429 :j-
470 2354 567 2423 Quam
593 2351 722 2432 copiose
742 2352 793 2430 ab]
808 2368 845 2413 eo
867 2350 1059 2430 agricultura
1079 2349 1230 2409 laudatur
1255 2347 1290 2407 in
1306 2363 1343 2408 eo

178 2467 273 2544 libro,
303 2468 356 2547 qui
370 2466 423 2549 lest
444 2470 484 2529 dc
510 2469 628 2530 tuenda
657 2484 690 2529 re
717 2465 875 2542 familiari,
903 2467 957 2544 qui
987 2462 1162 2542 Οἰκονομικός
1193 2460 1347 2524 inscribi-

90 2594 97 2606 ·
184 2578 253 2636 turl

703 2991 843 3043 Paradoxa.

229 3187 301 3263 Gap.
320 3188 332 3243 l
351 3203 358 3246 ε
378 3217 418 3229 -
443 3185 507 3263 Ego
523 3202 595 3247 vero
619 3186 673 3246 illa
689 3186 767 3264 ipsa,
791 3204 861 3264 quae
876 3185 926 3247 vix
948 3184 979 3244 in
995 3183 1168 3264 gymnasiis
1184 3189 1216 3246 et
1232 3185 1267 3245 in
1282 3183 1346 3244 otio

193 3293 290 3354 Stoici
314 3292 461 3370 probant,
491 3294 601 3353 ludens
622 3295 744 3373 conjeci
769 3294 800 3353 in
826 3311 1010 3354 communes
1038 3295 1136 3354 locos
1162 3294 1253 3368 Qum,
1278 3287 1347 3369 quia

193 3404 266 3460 sunt
280 3396 480 3474 admirabilia,
507 3405 680 3479 contraque
702 3401 886 3479 opinionem
913 3399 1069 3476 omnium,
1097 3400 1135 3460 ab
1160 3400 1239 3477 ipsis
1257 3397 1346 3458 etiam

197 3510 336 3591 ΙΙοροίδοξο
350 3512 561 3589 appellantur,
575 3517 697 3574 tentare
710 3512 806 3589 volui,
823 3517 992 3601 possentne
1004 3512 1139 3590 proferri
1155 3512 1189 3572 in
1203 3513 1343 3574 lucem...

195 3652 233 3664 -
248 3621 349 3680 Paulo
361 3626 448 3695 post:
478 3624 516 3683 Et
530 3623 712 3701 degustabis
739 3640 835 3700 genus
857 3622 917 3681 hoc
942 3621 1206 3682 exercitationum
1229 3634 1342 3687 earum,

196 3728 310 3807 quibus
323 3731 369 3791 uti
384 3731 543 3804 consuevi,
562 3748 660 3808 quum
676 3748 722 3805 ea,
739 3749 808 3809 quae
827 3728 988 3805 dicuntur,
1005 3730 1037 3789 in
1052 3729 1169 3790 scholis
1181 3726 1294 3801 Θετικά,
1311 3724 1343 3784 ad

195 3842 339 3898 nestrum
353 3838 414 3900 hoc
430 3837 604 3901 oratorium
619 3838 772 3900 transiero
787 3838 915 3899 dicendi
931 3855 1043 3917 genus·
