2790 4770
217 427 327 530 θεσμοὶ
341 427 373 504 θ’
392 432 536 527 οὐράνιοι,
550 442 616 515 τοῖς
635 421 739 529 Ῐχθόες
756 432 845 531 άκροι
865 437 1002 529 ἔχονται,

217 558 309 657 ἀμφω
328 565 554 658 συμφορέονται
572 562 626 631 ἀπ’
641 561 770 657 οὐραίων
785 565 961 652 κατιόντες,
979 582 985 593 ’

216 687 337 769 κητείης
354 679 385 756 θ’
404 687 506 758 ὄπιθεν
523 687 633 781 λοφίης
650 681 755 783 ἐπιμὶξ
773 692 937 782 φορέονται

111 811 176 880 365
217 812 258 892 εἰς
274 811 304 880 ἐν
320 813 530 907 ἐλαυνόμενοι·
551 813 593 881 ἑνὶ
607 804 636 880 θ’
651 813 756 908 ἀστέρι
775 814 982 908 πειραίνονται

219 944 349 1029 Κόττος,
371 937 402 1020 ἐς
416 938 515 1009 κείνου
534 942 644 1036 πρώτῃ
660 939 812 1009 ἐπίκειται
831 940 962 1038 ἀκάνθῃ.

272 1066 313 1132 Οἱ
327 1059 355 1134 θ’
371 1066 466 1162 ὀλίγῳ
483 1069 595 1159 μέτρῳ,
615 1064 703 1160 ὀλίγῃ
718 1057 748 1133 θ’
765 1066 931 1162 ἐγκείμενοι
950 1065 1040 1164 αἴγλη

220 1192 346 1285 μεσσόθι
364 1182 519 1268 πηδαλίου
533 1191 585 1260 καὶ
598 1193 718 1270 Κόττος
732 1191 927 1281 εἱλίσσονται,

220 1323 356 1413 γλαυκοῦ
373 1328 552 1397 πεπτηῶτες
567 1319 626 1418 θπθ
642 1325 791 1413 πλευρῇσι
809 1321 945 1414 Λαγωοθ

113 1445 179 1536 370
219 1446 372 1538 νώνυμοι·
394 1448 428 1514 οὐ
447 1443 505 1541 γὰρ
522 1442 607 1538 τοίγε
622 1448 810 1540 τετυγμένον
825 1437 967 1516 εἰθώλοιο

223 1564 558 1665 caminiecensem
581 1571 726 1659 ἐοικότες,
740 1567 791 1638 οἷά
813 1597 847 1640 τε
866 1571 969 1642 πολλὰ

221 1688 317 1776 ἑξείης
330 1697 505 1791 στιχόωντα
522 1698 710 1791 παρέρχεται
726 1694 805 1766 αὐτὰ
819 1699 946 1768 κέλευθα

222 1822 373 1916 ἀνομένων
392 1824 498 1910 ἐτέων,
519 1822 561 1889 τά
581 1847 628 1902 τις
650 1814 770 1917 ἀνδρῶν
792 1825 894 1893 οὐκέτ’
909 1825 1021 1894 ἐόντων

221 1947 369 2040 ἐφράσατ’
383 1939 435 2025 ἥθ’
452 1947 573 2023 ἐνόησεν
589 1946 705 2017 ἅπαντ’
720 1948 873 2042 ὀνομαστὶ
890 1953 1040 2019 καλέσσαι
1097 1927 1100 1933 ι

115 2069 178 2163 375
219 2070 310 2146 ἤλιθα
330 2075 516 2168 μορφώσας·
532 2075 567 2142 οὐ
581 2072 639 2168 γάρ
656 2078 684 2141 κ’
702 2065 873 2150 ἐθυνησατο
894 2075 1018 2146 πάντων

225 2195 300 2266 οἰόθι
314 2199 495 2293 κεκριμένων
511 2197 595 2292 ὄνομ’
612 2197 707 2267 εἰπεῖν
725 2190 797 2267 οὐδὲ
813 2190 925 2275 δαῆναι
939 2227 947 2243 ·

223 2325 333 2394 πολλοὶ
346 2323 405 2421 γὰρ
423 2324 538 2417 πάντη,
552 2327 671 2394 πολέων
688 2316 720 2393 θ’
739 2325 789 2396 ἐπὶ
803 2321 857 2395 ἶσα
874 2328 1025 2397 πέλονται

223 2453 322 2546 μέτρα
337 2475 372 2519 τε
386 2452 439 2519 καὶ
452 2452 553 2544 χροιὴ,
572 2450 687 2530 πάντες
698 2475 733 2546 γε
752 2451 806 2546 μὲν
822 2451 1032 2545 ἀμφιέλικτοι.

223 2583 277 2671 Τῷ
296 2575 348 2644 καὶ
362 2578 528 2673 ὁμηγερέας
547 2577 574 2644 οἱ
593 2576 710 2644 ἐείσατο
726 2579 912 2652 ποιήσασθαι

116 2702 182 2770 380
220 2701 364 2795 ἀστέρας,
380 2695 572 2794 ὄφρ’ἐπιτάξ
586 2697 674 2789 ἀλλῳ
693 2702 912 2794 παρακείμενος
925 2701 1020 2787 άλλος

224 2814 307 2893 εἴθεα
317 2824 504 2917 σημαίνοιεν.
524 2809 616 2919 Ᾰφαρ
629 2817 660 2892 θ’
673 2824 832 2919 ὀνομαστὰ
846 2832 969 2921 γένοντο

224 2948 337 3043 άστρα,
355 2951 407 3019 καὶ
422 2953 522 3021 οὐκέτι
534 2960 586 3019 νῦν
602 2951 661 3019 ὑπὸ
682 2950 815 3045 θαόματι
831 2955 973 3023 τελλεται
987 2957 1087 3054 ἀστηρ
1104 2985 1112 3003 ·

225 3255 286 3313 quae
297 3240 417 3297 retinent
428 3240 531 3309 Pisces,
545 3238 696 3315 caudarum
709 3248 785 3312 parte
796 3240 897 3312 locutu,

224 3330 338 3388 iiumine
350 3330 436 3388 mixte
448 3337 525 3388 retro
535 3329 571 3386 ed
584 3329 709 3388 Pistricis
722 3338 798 3404 terga
811 3330 928 3389 reverti:

225 3417 271 3475 hic
284 3435 340 3477 una
352 3419 430 3476 stella
442 3426 602 3488 nectuntur,
615 3433 700 3492 quam
710 3418 777 3492 jacit
790 3434 824 3476 ex
837 3435 867 3477 se

224 3507 344 3566 Pistricis
356 3510 444 3582 spinae
456 3507 546 3566 valida
560 3523 624 3565 curn
639 3507 701 3566 luce
713 3507 863 3580 refulgens.

224 3598 331 3656 Exinde
344 3599 451 3672 exiguae
464 3599 541 3656 tenui
553 3613 619 3656 cum
631 3598 738 3655 iumine
750 3598 848 3656 muitae
893 3664 894 3667 Ἴ

223 3685 297 3743 iuter
304 3685 450 3743 Pistricem
459 3685 529 3743 iusae
540 3699 697 3758 spursaeque
708 3683 848 3752 videntur,

224 3783 308 3848 etque
320 3777 519 3850 gubernaclum
532 3775 631 3846 stellte,
644 3791 712 3848 ques
726 3774 851 3846 contegit
864 3790 962 3833 omnes

225 3866 380 3924 formidans
392 3882 485 3924 acrem
497 3881 623 3923 morsum
633 3863 729 3938 Lepus
739 3885 746 3921 :
758 3865 803 3922 his
818 3881 908 3938 neque
922 3883 1035 3940 nomen,
1049 3891 1053 3897 ·

223 3970 277 4012 nec
287 3954 407 4012 formam
419 3963 526 4013 veteres
537 3964 640 4012 certem
651 3954 778 4013 statuisse
791 3954 930 4014 videntum

223 4045 298 4102 Nam
308 4060 372 4119 quae
381 4043 515 4102 sideribus
528 4043 611 4102 claris
622 4046 725 4101 Natura
739 4045 847 4118 polivit,

225 4138 255 4190 ei
265 4132 343 4191 varic
357 4134 447 4207 pinxit
460 4133 631 4207 distinguens
642 4133 746 4191 iumine
758 4132 872 4201 formas,

225 4220 288 4278 haec
301 4222 347 4280 iiie
358 4232 500 4282 astrorum
513 4231 606 4281 custos
617 4223 724 4281 ratione
736 4221 860 4292 notavit,

226 4310 361 4385 signaque
372 4312 490 4387 signavit
501 4311 626 4382 coeiestie
635 4311 751 4371 nomine
762 4327 828 4370 vero
841 4328 848 4366 ι
