2790 4770
584 315 718 378 -253
747 347 787 360 -

103 454 266 519 fastidium
283 476 290 516 :
307 455 423 517 deinde
431 457 641 533 apromttanea,
657 473 728 534 qum
738 454 938 534 appellantur
952 469 970 510 a
985 448 1101 512 Stoicis
1114 449 1264 532 Ἀῤῥοιααή-

103 585 189 642 ματα,
205 563 318 643 hisque
333 560 411 624 item
426 561 581 641 oppositae
596 561 764 624 contrarias
786 558 989 623 offensiones.

144 671 272 750 Capit
293 690 300 732 :
324 668 594 748 -Similiterque
616 669 713 732 ceteri
730 668 844 743 morbi,
862 672 898 730 ut
911 665 1021 745 gioria
1038 664 1208 744 cupiditas,
1226 670 1264 726 ut

105 781 315 854 mulierositas,
332 782 368 839 ut
384 777 429 839 ita
440 777 598 856 appellem
613 794 694 851 eam,
721 795 791 856 qnae
818 777 925 837 Graeca
947 769 1109 852 ψιλογύνεια
1134 771 1263 847 dieitur,

107 885 269 964 ceterique
281 883 428 946 similitor
444 883 548 945 morbi
565 885 852 963 aegrotationesque
871 885 1054 943 nascuntur.
1070 881 1146 951 Qum
1159 885 1264 941 autem

107 993 180 1050 sunt
194 988 244 1049 bis
258 989 428 1066 contraria,
448 1004 484 1049 ea
496 988 584 1049 nasei
598 994 777 1069 putantura
800 993 908 1062 metu;
925 991 960 1047 ut
977 986 1080 1046 odiam
1094 984 1264 1060 multarum,

108 1096 203 1174 quale
229 1095 262 1156 in
281 1094 426 1175 Μιαογύνῳ
452 1094 554 1156 Attilii
582 1101 648 1171 est;
666 1097 747 1157 utin
762 1095 931 1158 hominum
950 1094 1132 1155 universum
1155 1109 1265 1169 genus,

109 1201 194 1278 quod
210 1198 392 1278 accepimus
407 1199 446 1260 de
461 1197 608 1274 Timone,
620 1198 674 1278 qui
690 1199 885 1279 Μισάνθρωπος
898 1198 1086 1276 appellatur.

149 1309 224 1387 Cap.
243 1311 303 1369 tt:
323 1307 477 1370 -Habes
501 1325 548 1383 ea,
566 1325 636 1386 quae
652 1307 691 1368 de
716 1304 1009 1385 perturbationibus
1023 1304 1188 1367 enucleate
1203 1302 1267 1363 dis-

112 1419 225 1494 putant
241 1413 352 1490 Stoici,
370 1433 442 1494 quaa
457 1413 560 1493 Λογικὰ
574 1414 746 1492 appellant,
763 1414 838 1492 quia
856 1413 1054 1475 disseruntur
1068 1409 1227 1473 subtilius.

150 1522 224 1601 Gap.
257 1525 322 1583 15:
344 1553 382 1568 -
407 1521 510 1601 Hujus
537 1521 635 1600 igitur
656 1520 781 1582 virtutis
808 1520 966 1582 contraria
988 1524 1035 1581 est
1048 1521 1200 1581 vitiositas.
1218 1517 1269 1578 Sia

112 1626 198 1688 enim
213 1626 308 1701 malo,
325 1642 421 1706 qnam
434 1628 581 1689 mattttam
594 1626 755 1706 appellare
771 1644 852 1701 eam,
870 1643 967 1706 quam
982 1627 1083 1688 Graeci
1099 1624 1204 1686 Κακίαν
1218 1643 1270 1704 ap·

113 1734 243 1812 pellant.
272 1734 350 1794 Nam
375 1734 490 1796 malitia
517 1734 595 1796 certi
622 1733 787 1813 cujusdam
805 1732 872 1795 vitii
896 1751 1015 1796 nomen
1035 1739 1097 1808 est;
1114 1736 1266 1807 vitiositas,

115 1840 271 1903 omnium.

159 1949 296 2022 Taceat,
314 1945 370 2007 lib.
384 1948 423 2022 V,
437 1963 506 2024 cap.
526 1949 556 2007 3.
578 1948 741 2026 -ltaque
755 1952 787 2009 et
813 1946 884 2008 illas
902 1954 1035 2026 septem,
1054 1946 1107 2027 qui
1125 1944 1271 2008 adraeeis

116 2055 209 2136 Xaqat,
221 2057 368 2134 sappam
381 2071 399 2113 a
411 2053 527 2115 nostris
544 2057 576 2113 et
587 2052 785 2149 habebantur
798 2058 830 2116 et
846 2052 1094 2114 nominabantur
1097 2094 1158 2114 .....

556 2287 592 2332 De
604 2286 629 2334 Ν
632 2294 703 2333 atara
717 2288 829 2334 Deorum.

156 2474 224 2536 Lib.
240 2477 263 2550 1,
278 2492 349 2554 cap.
363 2477 383 2536 8
399 2493 406 2535 :
423 2506 462 2518 -
475 2475 603 2551 Audite,
622 2476 738 2556 inquit,
765 2494 830 2538 non
845 2474 953 2539 sutiles
973 2474 1272 2555 commentitiasque

118 2581 303 2656 sententias,
320 2599 385 2644 non
400 2581 549 2662 opificem
568 2563 860 2664 aedificatoremque
879 2583 1003 2661 mundi,
1022 2583 1163 2645 Platonis
1176 2584 1216 2645 de
1227 2584 1275 2643 Ti·

118 2685 331 2759 maeoDeum3
347 2701 406 2746 nec
419 2702 515 2747 anum
528 2685 692 2748 fatidicam
707 2687 890 2750 Stoicarum
907 2687 1050 2768 Πρόνοιαν,
1067 2704 1164 2768 quam
1178 2688 1274 2749 latina

120 2789 195 2854 ticet
206 2791 434 2883 Proctdmttam
449 2791 593 2854 dicere...

159 2901 232 2979 Cap.
247 2901 282 2960 tt
303 2918 365 2959 :-
379 2900 457 2960 Nam
480 2900 684 2963 Parmenides
707 2902 965 2964 commentitium
987 2903 1139 2980 quiddam
1161 2921 1276 2965 caracae
1343 2878 1345 2882 Ι

119 3006 315 3094 similitudine
329 3007 428 3069 efficit
445 3027 453 3070 z
468 3009 606 3088 Σιεφάνην
629 3009 785 3089 appellat,
807 3010 1024 3073 continentem
1053 3010 1167 3074 ardore
1194 3012 1276 3075 lucis

121 3116 244 3190 orbem,
259 3115 313 3193 qui
324 3113 423 3194 cingit
435 3117 571 3191 eoelum3
589 3133 685 3196 quem
697 3117 835 3195 appellat
847 3119 958 3179 Deum.

161 3223 236 3301 Cap.
256 3224 317 3282 m:
344 3223 491 3294 —Quod
516 3239 589 3283 vero
615 3227 680 3282 stae
701 3240 825 3302 corpore
842 3223 908 3284 clla
928 3225 1030 3286 Deum
1056 3225 1123 3285 vult
1146 3242 1225 3299 esse,
1245 3231 1278 3287 ut

122 3329 223 3391 Graeci
250 3326 372 3404 dicunt,
401 3327 565 3408 Ἀσώμααον,
592 3328 624 3389 id
654 3329 747 3407 quale
776 3346 843 3392 esse
869 3331 980 3408 possit,
997 3329 1134 3410 intelligi
1148 3350 1211 3393 non
1223 3351 1281 3411 po-

121 3443 197 3499 test.

161 3547 237 3624 Cap.
254 3547 316 3606 td:
339 3577 380 3590 -
400 3545 563 3607 Cleanthes
588 3549 708 3621 autem,
723 3544 777 3623 qui
796 3548 957 3608 Zenonem
977 3547 1101 3609 audivit
1126 3566 1279 3612 unacum

122 3670 172 3727 eo,
195 3669 292 3731 quem
317 3653 462 3732 proxime
489 3651 659 3729 nominari,
685 3658 755 3715 tum
779 3653 884 3732 ipsum
910 3657 1065 3716 mundum
1086 3656 1188 3719 Deum
1204 3657 1281 3718 dicit

122 3785 201 3844 esse,
229 3774 298 3830 tum
326 3769 422 3830 totius
447 3773 568 3830 naturae
582 3766 682 3830 menti
706 3771 803 3846 atque
816 3767 923 3830 animo
947 3768 1060 3831 tribuit
1072 3770 1135 3832 hoc
1147 3787 1276 3845 nomem

123 3881 193 3938 tum
208 3875 358 3938 ultimum
377 3881 408 3938 et
431 3874 633 3952 altissimum,
659 3881 755 3955 atque
769 3876 910 3956 undique
930 3874 1170 3954 circumfusum,
1185 3882 1216 3938 et
1232 3893 1282 3936 ex·

125 3993 263 4047 tremum
286 3983 393 4045 omnia
413 3983 593 4063 cingentem
607 3988 704 4063 atque
727 3984 932 4063 complexum
948 3985 1107 4060 ardorem,
1128 3983 1184 4064 qui
1197 3980 1281 4060 Αἰθήρ
1331 4051 1334 4057 Ι

124 4091 317 4167 nominetur,
333 4086 546 4153 certissimum
562 4092 662 4153 Deum
676 4089 809 4169 judicat.

164 4202 241 4279 Cap.
267 4202 331 4261 td:
357 4230 398 4244 —
419 4198 496 4270 Qua
524 4202 571 4260 est
597 4196 680 4260 enim
707 4215 794 4278 gens,
813 4204 868 4261 aut
888 4199 973 4279 quod
986 4217 1084 4280 genus
1099 4196 1277 4274 hominum,

126 4306 213 4387 quod
234 4323 301 4369 non
314 4304 431 4369 habeat
444 4303 512 4367 sine
527 4302 674 4366 doctrina
689 4307 930 4384 anticipationem
948 4306 1109 4386 quamdam
1123 4301 1278 4367 Deorum?
