2790 4770
567 286 764 352 -219-

79 420 138 483 sed
164 427 212 485 est
239 441 362 505 magna.
390 426 492 488 Habet
517 424 603 488 enim
636 432 667 489 et
704 427 810 507 legum
834 425 1130 506 interpretationem
1163 423 1239 486 satis

80 536 210 592 acutam
236 529 269 592 in
284 539 449 612 utramque
464 537 600 612 partem,
621 540 652 595 el
670 532 859 596 meritorum
872 532 904 594 iu
921 530 1152 612 rempublicam
1168 548 1241 592 eon-

83 634 260 699 tentionem
291 656 366 700 saue
395 655 532 718 gravem.
560 640 671 718 ltaque
701 657 795 701 eausa
821 637 976 714 AEsehini,
1004 636 1153 718 quoniam
1173 635 1240 715 ipse

81 747 326 808 allemosthene
338 753 420 809 esset
443 745 556 825 eapitis
567 751 741 818 accusatus,
758 746 844 826 quod
859 744 1049 825 legationem
1071 741 1241 806 ementitus

83 859 168 916 esset
188 852 242 934 (l),
261 859 296 916 ut
315 852 489 916 ulciscendi
510 852 631 916 inimici
646 872 752 929 causa,
765 855 894 916 nomine
913 852 1136 934 Ctesiphontis,
1159 851 1243 931 judi-

82 958 173 1023 cium
199 959 287 1022 lieret
301 960 340 1023 de
354 959 445 1022 lactis
465 961 611 1040 famaque
632 961 865 1023 Demosthenis.
884 964 950 1024 Non
965 960 1051 1023 enim
1064 967 1128 1023 tam
1144 960 1243 1020 multa

83 1064 166 1129 dixit
184 1068 223 1129 de
240 1066 415 1129 rationibus
437 1086 499 1129 nou
512 1067 631 1146 relatis,
653 1086 749 1149 quam
765 1071 805 1131 de
821 1087 859 1131 eo
875 1068 961 1150 quod
974 1067 1050 1131 civis
1064 1067 1242 1147 improbus,

84 1174 123 1232 ut
135 1167 286 1247 optimus,
302 1171 448 1234 laudatus
463 1176 558 1233 esset.

127 1278 214 1340 Hanc
236 1279 369 1341 multam
382 1277 547 1341 AEsohines
563 1296 581 1339 a
596 1277 799 1358 Ctesiphonte
826 1279 918 1360 petiit
939 1278 1149 1360 quadriennio
1171 1281 1244 1338 ante

84 1378 227 1463 Philippi
254 1382 437 1447 Macedonis
463 1391 616 1459 mortem;
647 1387 702 1448 sed
729 1385 888 1467 judicium
910 1389 1029 1451 lactum
1056 1394 1102 1450 est
1126 1385 1247 1465 aliquot

84 1486 179 1549 anuis
207 1492 288 1568 post,
312 1489 490 1552 Alexandro
513 1491 580 1570 jam
605 1490 710 1553 Asiam
730 1499 858 1557 tenente
887 1515 894 1556 :
924 1496 963 1556 ad
979 1496 1065 1575 quod
1087 1492 1244 1574 judicium

85 1613 261 1659 concursus
282 1593 400 1658 dicitur
426 1614 443 1658 e
461 1602 528 1660 tota
552 1598 674 1661 Graecia
688 1601 789 1661 laetus
805 1619 886 1663 esse.
916 1601 996 1675 Ouid
1013 1600 1098 1663 enim
1113 1606 1167 1662 aut
1180 1605 1245 1663 tam

85 1700 255 1763 visendum
281 1708 335 1764 aut
358 1702 553 1765 audiendum
579 1704 648 1779 fuit,
676 1724 772 1785 quam
798 1725 999 1770 summorum
1014 1713 1189 1784 oratorum,
1214 1705 1246 1766 iu

86 1806 273 1888 gravissima
284 1825 389 1884 eausa,
406 1817 553 1873 accurata
568 1818 599 1873 et
614 1809 790 1874 inimicitiis
807 1812 934 1875 incensa
948 1812 1131 1875 eontentio?

134 1914 211 1990 eie,
235 1917 371 1992 Taceat,
389 1919 426 1992 V,
441 1922 544 1997 cap.9
561 1938 568 1979 :
586 1919 702 1981 -Sed
718 1919 780 1981 hoc
798 1919 864 1980 isne
881 1918 970 1995 dicit,
988 1918 1053 1999 qui,
1072 1937 1174 1998 quum
1188 1920 1246 1978 do-

88 2025 195 2086 lorem
220 2040 283 2084 nou
310 2025 408 2085 modo
435 2024 611 2088 maximum
626 2027 756 2101 malum,
787 2028 841 2088 sed
869 2028 973 2088 solum
1004 2029 1124 2088 malum
1151 2024 1247 2088 etiarn

89 2129 230 2206 dixerit,
261 2136 327 2193 toto
355 2149 488 2212 corpore
503 2131 641 2211 opprimi
671 2133 771 2213 possit
800 2133 965 2195 doloribus
984 2133 1159 2207 acerrimis,
1180 2138 1249 2194 tum

90 2257 197 2321 quum
213 2238 349 2303 maxime
364 2247 475 2304 contra
489 2241 651 2302 fortunam
666 2240 837 2320 glorietur?
859 2241 949 2313 Quod
964 2241 1049 2302 idem
1065 2236 1250 2302 melioribus

90 2351 192 2416 etiam
205 2350 308 2413 verbis
323 2353 522 2414 Metrodorus
545 2370 551 2412 :
574 2349 771 2429 «occupavi,
791 2348 906 2430 inquit,
931 2356 972 2425 le,
990 2352 1140 2421 Fortuna,
1155 2352 1251 2426 atque

91 2457 187 2537 cepi;
216 2476 388 2537 omnesque
415 2455 519 2520 aditus
539 2462 610 2518 tuos
638 2454 813 2531 interclusi,
832 2460 868 2517 ut
882 2456 920 2516 ad
945 2471 995 2515 me
1010 2451 1172 2532 adspirare
1187 2469 1251 2512 non

92 2585 209 2648 posses
222 2565 309 2648 (tho

139 2677 216 2753 Cic,
239 2677 373 2753 Torret,
389 2676 426 2751 V,
458 2677 604 2754 capae:
637 2670 753 2734 «Veni
782 2670 932 2747 Athenas,
965 2668 1068 2749 inquit
1092 2665 1254 2730 Democri·

93 2791 152 2848 tus
168 2783 222 2864 (3),
238 2801 342 2863 neque
357 2800 408 2844 me
421 2780 589 2862 quisquam
612 2777 656 2840 ihi
679 2775 817 2857 agnovit.
840 2801 853 2831 υ
872 2777 1075 2837 Constantem
1089 2771 1253 2835 hominem

95 2899 134 2958 et
145 2897 287 2975 gravem!
303 2891 358 2975 qui
374 2889 525 2972 glorietur
539 2907 572 2950 se
592 2908 610 2950 a
624 2886 726 2968 gloria
735 2883 884 2947 abluisse.
897 2917 937 2928 -
949 2883 1044 2957 Idem,
1064 2881 1196 2956 Torret,
1213 2882 1251 2956 V,

94 3019 172 3079 cap.
193 3003 251 3062 36:
268 3032 307 3046 -
322 3001 375 3060 Est
388 2997 472 3076 apud
488 2994 684 3057 Heraclitum
706 2992 874 3074 physicum
886 2993 925 3052 de
947 2989 1090 3070 principe
1102 2987 1256 3067 Ephesio·

95 3126 172 3171 rum
197 3087 419 3169 Hermodoro:
439 3127 454 3162 «
477 3102 654 3175 Universos
683 3101 739 3176 ait,
767 3099 918 3180 Ephesios
940 3115 1006 3160 esse
1028 3104 1131 3158 morte
1156 3096 1257 3158 mulc-

94 3216 224 3294 tandos,
239 3217 338 3297 quod,
356 3232 455 3296 quum
476 3212 602 3275 civitate
615 3210 810 3289 expellerent
837 3209 1079 3279 Hermodorum,
1101 3205 1143 3268 ita
1158 3205 1256 3268 locuti

95 3624 194 3678 Latinis
206 3622 287 3673 verbis
300 3644 312 3668 «
325 3621 441 3690 quonium
455 3637 505 3670 non
517 3628 577 3670 esset
592 3618 653 3668 hene
666 3616 767 3666 meritus
781 3615 811 3664 de
825 3613 932 3664 civitate.
944 3636 955 3657 υ
963 3612 999 3662 (ll.
1012 3611 1109 3662 Graeea:
1122 3634 1133 3657 ο
1144 3615 1195 3670 ⁰0:
1207 3611 1259 3663 οὔτ’

95 3710 192 3776 ἤρξατο
211 3710 289 3773 λέγειν
304 3709 335 3759 τὰ
350 3709 472 3774 delerare,
486 3705 544 3755 οὔτε
560 3701 603 3754 νῦν
618 3702 721 3754 διατελεῖ
738 3700 854 3768 πράττων
876 3700 907 3749 τὰ
926 3699 1085 3764 συμφέροντα
1104 3699 1139 3761 τῷ
1155 3698 1236 3763 δήμῳ,
1247 3718 1259 3741 υ

97 3796 148 3856 vel,
159 3817 171 3839 α
183 3796 212 3846 οὐ
225 3795 257 3845 τὰ
274 3795 390 3860 βῇτιοτοι
403 3791 520 3857 τῷδήμῳ
534 3790 731 3839 πεπολιτεῦσθαι.
746 3807 757 3830 ιι

134 3880 171 3945 (l)
189 3877 269 3940 Quum
281 3876 341 3927 dicit
354 3875 440 3926 Cicero
459 3897 472 3919 e
485 3874 552 3940 quod
565 3872 710 3938 legationem
723 3869 853 3921 ementitus
868 3877 938 3926 esset,
952 3890 964 3913 υ
984 3866 1105 3933 eleganter
1117 3866 1143 3916 id
1156 3865 1260 3932 explieat

97 3964 167 4032 quod
179 3979 230 4014 uno
243 3961 318 4013 uerbo
331 3977 407 4028 grece
420 3960 512 4010 dicitur
523 3981 535 4004 u
547 3958 747 4024 Hcpempe'odsta.
763 3977 774 3998 υ

134 4051 172 4115 (2)
190 4047 322 4099 Metrodori
334 4045 406 4096 verba
419 4054 475 4096 surrl
489 4063 494 4093 :
508 4041 748 4111 «mperatrehnppzl
757 4034 825 4098 <seo
840 4038 918 4105 Τύχη,
928 4036 970 4089 καὶ
984 4038 1065 4088 πᾶσιν
1084 4039 1127 4096 τὴν
1142 4039 1188 4096 σὴν
1199 4036 1259 4100 ἀφή-

100 4150 180 4201 ρῃμαι
196 4133 366 4200 παρείσδυσιν.
387 4154 398 4175 ιι

135 4218 173 4285 (3)
190 4216 246 4268 vid.
261 4217 361 4284 Diogen.
377 4215 470 4278 Laert,
485 4212 525 4275 lx,
537 4215 569 4263 36
579 4230 585 4263 :
597 4234 609 4257 o
629 4203 719 4262 Ἦλθον
730 4209 785 4275 γάρ,
794 4226 875 4274 φησιν,
890 4208 914 4265 ἐς
923 4208 1027 4267 hlium,
1038 4205 1079 4256 καὶ
1091 4205 1158 4262 οὔτις
1176 4221 1205 4267 με
1219 4204 1258 4268 ἔγ·

99 4320 189 4356 water.
202 4323 215 4347 υ
290 4322 296 4327 ·
