2790 4770
623 309 824 374 -tts-

144 440 327 518 grediamur
354 443 431 523 jam,
462 446 548 524 quod
578 445 785 525 suscepimus,
815 445 839 506 si
869 445 1306 526 priosexposuerimusquae

146 565 240 610 causa
261 549 293 610 in
320 551 477 631 judicium
505 556 641 616 deducta
665 555 717 617 sit.
741 556 844 630 Quum
874 560 957 617 esset
983 555 1034 615 lex
1061 552 1197 615 Athenis
1224 573 1239 610 ιι
1266 568 1306 612 ne

147 656 217 735 quis
231 657 269 736 (l)
298 659 407 738 populi
435 658 548 722 scitum
567 661 750 742 lacerctffl).
779 667 815 723 ut
839 661 1009 742 quisquam
1027 679 1145 723 corona
1172 662 1306 722 donare-

118 848 121 855 Ι
147 767 200 824 tur
218 763 260 846 (3)
286 765 317 825 in
345 767 526 846 magistratu
549 767 587 849 (l)
606 770 703 847 prim,
723 787 818 848 quam
835 769 972 831 rationes
987 768 1149 836 retulisset
1162 767 1223 849 ,5);
1236 791 1250 826 ιι
1276 775 1307 829 et

147 871 245 933 altera
260 874 321 949 lex,
343 894 358 931 ιι
370 891 433 949 ecs,
452 875 505 954 qui
520 893 538 935 a
553 877 672 955 populo
686 879 890 953 donarentur,
907 877 940 938 in
957 877 1112 939 concione
1124 875 1237 936 donari
1252 875 1306 935 dc-

149 976 225 1041 here
253 980 310 1061 (6);
328 983 382 1060 qui
408 1001 426 1043 a
452 987 573 1059 senatu,
591 982 622 1044 in
638 991 769 1048 senatu:
787 1010 800 1044 ιι
821 986 1051 1048 Demosthenes
1064 983 1308 1047 curatormuris

140 1083 327 1150 heticiendis
341 1090 381 1171 (7)
397 1092 473 1167 luit3
491 1110 608 1172 eosque
629 1093 740 1155 refecit
764 1093 902 1177 pecunia
926 1111 980 1154 sua
994 1091 1046 1173 (8).
1075 1093 1120 1153 De
1137 1091 1200 1153 hoe
1214 1090 1309 1170 igitur

151 1193 320 1272 Ctesiphon
335 1197 450 1258 scitum
463 1198 548 1273 lecit,
567 1200 661 1259 nullis
676 1198 715 1259 ah
736 1199 804 1277 ipso
820 1177 995 1261 rationibus
1008 1198 1125 1269 relatiS,
1142 1203 1178 1260 ut
1192 1214 1310 1259 corona

150 1315 245 1362 aurea
264 1303 444 1376 donaretur,
475 1323 573 1384 eaque
596 1305 725 1367 donatio
751 1306 838 1367 heret
855 1306 887 1366 in
902 1306 1039 1378 theatra,
1057 1305 1178 1384 populo
1195 1321 1310 1365 conro-

151 1415 222 1470 cato
249 1408 315 1489 (qui
330 1410 417 1473 locus
441 1430 505 1492 non
531 1419 580 1474 cst
606 1413 770 1475 concionis
795 1413 970 1493 legitimae),
987 1413 1312 1493 atqueitapraedica-

151 1522 257 1591 retur,
288 1536 360 1579 eum
385 1521 494 1580 denteri
510 1526 634 1582 virtutis
664 1540 732 1602 erpo
754 1522 1024 1601 benivolentiaeque,
1046 1511 1138 1600 queue
1162 1540 1236 1599 erpa
1252 1523 1311 1581 Po·

149 1626 257 1703 polum
283 1622 497 1689 Atheniensem
529 1630 649 1690 laederet
678 1629 730 1710 (e).
760 1632 850 1691 Hunc
880 1627 975 1708 igitur
1005 1627 1249 1708 Ctesiphontem
1280 1627 1313 1689 in

148 1732 304 1812 judicium
327 1735 460 1798 adduxit
482 1737 658 1812 AEschiucs‚
678 1739 763 1818 quod
788 1743 900 1800 contra
918 1738 1002 1818 leges
1017 1735 1207 1815 scripsisset,
1226 1744 1263 1799 ut
1282 1743 1314 1800 ct

153 1839 329 1903 rationibus
345 1861 408 1905 uon
423 1842 529 1907 relatis
540 1863 658 1907 corona
675 1847 858 1920 donaretur,
876 1850 907 1905 et
924 1850 960 1905 ut
976 1842 1008 1902 in
1024 1843 1159 1919 theatro,
1177 1849 1211 1905 et
1225 1845 1313 1924 quod

152 1951 191 2011 dc
205 1949 319 2012 virtute
337 1952 402 2031 ejus
419 1959 449 2014 ct
475 1952 687 2014 benivolentia
709 1953 785 2013 lulsa
809 1950 998 2031 scripsisset;
1017 1949 1170 2030 quoniam
1184 1953 1316 2013 Demos·

153 2058 264 2120 thencs
284 2076 343 2120 nec
371 2058 535 2121 virbonus
565 2066 657 2130 esset,
684 2079 741 2120 nec
763 2060 844 2120 beno
874 2056 1006 2120 meritus
1027 2059 1066 2119 dc
1094 2055 1224 2120 ciritatc
1242 2061 1314 2142 (10).

153 2165 250 2225 Causa
269 2162 336 2243 ipsa
352 2164 502 2226 abhorret
519 2164 572 2226 illa
587 2165 717 2245 quidem
732 2185 749 2226 a
766 2166 904 2226 scurrula
918 2163 1160 2226 consuetudinis
1175 2173 1312 2240 nostre-3

154 2395 204 2438 nes,
219 2379 262 2444 qui
273 2378 347 2429 attice
361 2380 446 2430 roluut
460 2380 549 2430 dicere.
563 2404 575 2423 »ι
587 2410 617 2418 -
630 2380 688 2441 Quae
703 2380 801 2446 quidem
816 2379 1029 2446 interpretationes
1045 2379 1226 2443 desiderantur,
1237 2398 1319 2448 neque

156 2464 290 2531 quidquam
299 2463 345 2512 nisi
353 2463 587 2530 quadam'prteiatio,
604 2482 677 2531 quam
689 2466 729 2516 hic
744 2466 817 2533 paulo
826 2464 889 2516 iufra
900 2461 1009 2532 legimus,
1018 2481 1094 2530 usque
1103 2466 1187 2514 aduos
1196 2468 1319 2532 peruenit.

153 2549 155 2553 ’
188 2549 223 2614 (l)
241 2547 278 2597 Cf.
292 2547 402 2598 AEclrinis
415 2566 443 2599 ac
458 2549 624 2600 Demosthenis
636 2551 727 2600 rerba:
741 2573 752 2595 ιι
764 2551 851 2616 Νόμου
864 2550 1070 2617 ἀπαγορεύοντος,
1081 2552 1204 2616 μηδένα...
1218 2573 1231 2596 ιι

190 2638 224 2703 (2)
243 2636 315 2703 Apud
321 2637 404 2687 AEsch.
416 2646 440 2686 et
453 2635 578 2688 Demostlr.
592 2659 603 2680 ιι
617 2635 704 2707 Populi
718 2637 800 2686 scitzun
807 2634 891 2702 fucere
904 2659 915 2681 ιι
924 2637 1085 2704 ειιΓράφειν
1099 2637 1228 2703 ψήφισμα.
1237 2659 1250 2683 ιι

189 2723 224 2788 (3)
244 2746 256 2768 ιι
266 2723 360 2773 Corona
377 2723 463 2772 donari
477 2745 488 2767 ιι
500 2740 506 2774 :
517 2745 570 2766 -ιι
584 2720 777 2788 Στερανοθσθαι.
792 2743 803 2765 ιι

191 2808 226 2873 (ll
247 2831 259 2854 ιι
273 2810 301 2858 ln
316 2809 457 2874 magistratu
471 2830 540 2853 ιι-ιι
553 2808 649 2863 Μεταξὺ
665 2807 784 2874 ἄρχοντα.
799 2828 810 2850 ιι

189 2896 225 2960 (5)
246 2917 257 2939 ιι
269 2894 412 2960 Priusquam
431 2895 536 2944 rationes
557 2893 678 2942 retulisset
689 2914 700 2936 ιι
712 2921 740 2930 -
756 2915 767 2937 ιι
780 2892 840 2959 Πρὶν
859 2892 942 2956 λόγον,
962 2893 1018 2959 πρὶν
1038 2893 1141 2950 εὐθύνας
1151 2893 1238 2944 δοῦναι
1253 2917 1265 2938 ιι
1281 2893 1319 2944 tel

157 3000 169 3023 u
184 2980 319 3031 ὑπεύθυνον
332 2978 400 3030 ὄντα.
413 3001 424 3023 ιι

192 3066 226 3128 (θ)
245 3063 282 3115 Cf.
299 3065 350 3114 haec
366 3064 451 3114 Graeca
464 3085 470 3113 ι
484 3085 495 3107 ιι
508 3062 659 3119 heterium
673 3060 718 3112 τοῦ
728 3063 805 3126 νόμον
820 3063 844 3111 έν
858 3069 888 3128 τῇ
900 3062 1019 3127 ἐκκλησίᾳ
1030 3066 1179 3125 στεφανοῦν.
1190 3083 1202 3105 ιι

191 3151 226 3214 (l)
245 3153 349 3199 Curator
362 3149 434 3198 muris
449 3146 593 3212 inficiendis,
607 3169 619 3191 ιι
631 3150 794 3211 Ἐπιμελητὴς
810 3149 854 3208 τῆς
866 3149 915 3197 τῶν
930 3147 1018 3213 τειχῶν
1033 3146 1164 3204 ἐπισκευῆς
1186 3167 1206 3205 ιι,
1219 3146 1259 3196 rel
1270 3162 1320 3195 uuo

158 3233 232 3283 serbo
243 3255 254 3278 ιι
267 3234 410 3299 Τειχοποιός
423 3256 443 3282 ιι.

193 3319 228 3384 (8)
247 3316 283 3366 Cf.
298 3333 304 3365 :
317 3339 329 3361 ιι
343 3318 544 3383 Προσαναλώσας
558 3318 592 3372 εἰς
605 3318 635 3366 τὰ
648 3318 707 3383 ἔργα
718 3317 765 3365 ἀπὸ
776 3317 819 3376 τῆς
827 3316 888 3373 ἰδίας
901 3316 987 3372 οὐσίας
1001 3317 1057 3382 τρία
1072 3316 1190 3373 τάλαντα,
1206 3314 1319 3365 ἐπέδωκε

157 3402 236 3454 ταῦτα
250 3405 285 3466 τῷ
300 3405 380 3468 δήμῳ.
394 3424 406 3446 ιι

191 3488 227 3551 (9)
246 3484 283 3534 Cf.
306 3501 311 3534 :
332 3507 343 3529 ιι
366 3487 501 3551 Κτησιφῶν
524 3487 615 3553 ἔγραψε
642 3487 774 3551 ψήφισμα,
797 3487 830 3541 ὡς
847 3483 895 3551 ἄρα
914 3485 950 3534 δεῖ
972 3485 1131 3549 στεφανῶσαι
1154 3480 1320 3549 Δημοσθένην1

157 3573 245 3640 χρυσῷ
258 3572 383 3635 στεφανῷ,
396 3570 437 3621 καὶ
452 3569 617 3637 ἀναγορεῦσαι
635 3571 659 3619 ἐν
677 3574 712 3636 τῷ
728 3571 831 3637 θεάτρῳ,
844 3571 882 3619 ὅτι
902 3570 1020 3633 στεφανοῖ
1034 3572 1047 3620 ὁ
1063 3570 1141 3633 δῆμος
1153 3569 1320 3632 Δημοσθένην

158 3657 244 3724 χρυσῷ
260 3655 384 3720 στεφάνῳ,
399 3656 487 3722 ἀρετῆς
500 3657 570 3704 ἕνεκα
585 3655 626 3703 καὶ
641 3654 735 3710 εὐνοίας
748 3647 777 3714 ἧς
795 3655 856 3719 ἔχων
874 3654 976 3703 διατελεῖ
997 3654 1020 3702 ἐν
1038 3654 1111 3703 παντὶ
1123 3653 1201 3720 καιρῷ
1222 3654 1258 3708 εἰς
1278 3651 1321 3701 τὸν

160 3742 238 3806 δῆμον
253 3740 302 3788 τῶν
323 3741 450 3799 Ἀθηναίων
465 3761 475 3783 ιι
487 3740 533 3800 rel,
546 3762 557 3783 ιι
571 3740 726 3803 στεφανῶσαι
741 3739 900 3803 Δημοσθένην
919 3739 1005 3804 χρυσῷ
1021 3738 1150 3803 στεφάνῳ,
1167 3737 1210 3786 καὶ
1229 3738 1322 3798 ἀναγο·

160 3830 244 3893 ρεῦσαι
260 3824 301 3874 τὸν
317 3826 437 3889 στέφανον
454 3825 478 3874 ἐν
491 3827 526 3888 τῷ
539 3824 643 3890 θεάτρῳ.
659 3846 669 3866 ιι

193 3917 245 3979 (tu)
263 3911 300 3963 Cf.
314 3928 320 3962 :
335 3933 347 3956 ιι
364 3913 478 3977 Αἰσχίνης
488 3913 610 3974 ἀπήνεγκε
621 3911 683 3975 πρὸς
696 3912 737 3960 τὸν
750 3909 858 3976 ἄρχοντα
868 3910 1020 3978 παρανόμων
1035 3911 1131 3975 γραφὴν
1145 3910 1211 3960 κατὰ
1225 3912 1322 3969 Κτησι-

159 3999 262 4062 φῶντος,
277 3998 314 4046 ὅτε
333 3995 424 4063 ἔγραψε
442 3997 584 4062 παράνομον
602 3997 717 4059 ψήρισμκ
732 3997 765 4050 ὡς
778 3994 825 4062 ἄρα
839 3995 875 4043 δεῖ
893 3994 1029 4044 ὑπεύθυνον
1044 3994 1203 4057 στεφανῶσαι
1218 3998 1322 4058 Δημοσ·

159 4083 238 4143 θένην,
251 4082 292 4132 καὶ
310 4084 475 4147 ἀναγορεῦσαι
491 4080 515 4129 ἐν
531 4083 566 4144 τῷ
580 4081 675 4147 θεάτρῳ
689 4082 727 4132 ’ότι
740 4080 856 4144 στερανοῖ
872 4082 884 4128 ὁ
898 4081 976 4143 δῆμος
987 4081 1147 4143 Δημοσθένην
1160 4081 1249 4145 χρυσῷ
1264 4099 1322 4130 στε-

160 4170 240 4233 φανῷ,
253 4170 341 4234 ἀρετῆς
353 4170 426 4216 ἕνεκα
442 4166 483 4215 καί
501 4166 596 4222 εὐνοίας
611 4159 639 4225 ἧς
654 4165 717 4231 ἔχων
732 4166 835 4214 διατελεῖ
849 4165 881 4220 εἰς
895 4165 937 4214 τὸν
954 4165 1032 4228 δῆμον
1048 4165 1097 4213 τῶν
1120 4165 1261 4229 Ἀθηναίων,
1279 4167 1321 4215 καὶ

162 4253 330 4319 ἀνδραγαθίας,
339 4252 381 4301 καὶ
390 4251 451 4299 διότι
461 4251 563 4300 διατελεῖ
570 4251 684 4317 πράττων
694 4250 734 4298 καὶ
744 4251 820 4312 λέγων
834 4250 864 4297 τὰ
874 4251 988 4313 βέλτιστα
998 4250 1124 4313 τῷδήμῳ,
1135 4249 1177 4298 καὶ
1192 4249 1323 4316 πρόθυμος

163 4335 215 4394 ἐστι
229 4337 307 4386 ποιεῖν
323 4338 373 4399 θ,τι
389 4333 418 4387 ἂν
433 4335 534 4395 δύνηται
547 4335 652 4409 ἀγαθόν·
672 4331 843 4383 πάνταταῦτα
859 4334 937 4398 ψευδῆ
950 4335 1048 4400 γράψας
1061 4333 1103 4384 καὶ
1112 4333 1255 4400 παράνομα.
1269 4355 1323 4379 ιι-
