2790 4770
595 323 796 391 -247-

156 467 229 544 Gap.
247 469 268 529 8
284 486 291 528 :
307 497 349 513 -
414 466 531 547 (Sentis
556 465 652 539 euim,
677 464 786 537 credo,
806 479 858 525 me
868 461 1004 541 jamdiu,
1021 461 1107 540 quod
1125 458 1267 526 «Τέλος»

111 570 241 634 Graeous
268 573 363 646 dicat,
388 572 420 633 id
436 573 540 635 dicere
556 578 625 633 tum
649 577 829 646 entremanr,
846 575 915 632 turn
936 570 1080 641 altimum
1091 574 1172 645 tum,
1187 584 1271 628 sam-

114 697 197 740 mara
212 699 222 740 .·
237 680 349 742 licebit
362 679 455 742 etiam
473 682 563 760 finem
579 697 637 758 pro
652 683 794 741 extremo
809 683 864 740 aut
882 678 997 740 ultimo
1012 676 1167 757 dicere)...

157 787 231 864 dap.
243 789 262 848 9
276 807 284 848 :
300 787 416 848 -Sed
432 787 464 867 in
487 784 599 848 ceteris
619 783 741 846 artibus
752 802 852 864 quum
875 783 993 846 dicitur
1005 783 1187 858 artificiose,
1198 800 1271 864 pas·

116 899 214 952 teram
228 893 359 971 quodam
377 894 466 953 modo
480 899 509 953 at
520 909 699 972 consequens
714 891 893 969 putandum
907 896 955 952 ost
971 910 978 951 :
995 891 1081 970 quod
1096 890 1142 950 illi
1163 909 1177 946 a
1188 889 1270 948 Ἐπι-

114 999 308 1078 γεννηματικόν
319 1023 333 1059 n
352 999 522 1081 appellant.

157 1109 232 1185 Cap.
249 1110 288 1168 10
304 1125 312 1167 :
331 1143 370 1152 -
390 1109 456 1187 Ego
469 1106 625 1170 assentior
642 1106 786 1185 Diogeni,
810 1105 864 1184 qui
888 1105 1009 1167 bonum
1038 1103 1208 1178 definierit,
1236 1103 1270 1163 id

116 1214 202 1292 quod
217 1220 299 1277 esset
315 1219 426 1275 natura
440 1214 631 1276 absolutum.
648 1214 684 1274 ld
703 1219 809 1274 autem
824 1230 969 1291 sequens,
985 1211 1067 1272 iliad
1084 1209 1271 1290 etiarn-qaod

113 1321 271 1398 prodesset
290 1321 323 1401 (α
338 1320 513 1401 Ὠφαλημαα
532 1322 617 1383 enim
642 1321 688 1382 sic
711 1319 931 1401 appellemus),
949 1325 1072 1382 motum
1085 1324 1139 1380 aut
1153 1323 1271 1380 statum

117 1444 186 1490 esse
200 1428 281 1490 dixit
296 1445 313 1489 e
328 1433 441 1490 natura
456 1427 602 1489 absoluti.

157 1536 238 1597 Ibid.
255 1553 320 1595 s-
332 1537 411 1596 Nam
430 1554 528 1616 quum
547 1538 717 1610 aestimatio,
731 1552 802 1614 quae
822 1554 836 1590 a
850 1516 956 1610 ⁴'titia-n
975 1532 1102 1611 dicitur,
1119 1552 1222 1616 neque
1238 1535 1272 1595 in
1364 1608 1368 1613 q

118 1643 210 1704 bouis
224 1649 389 1704 numerata
400 1643 452 1718 sit,
468 1661 571 1724 neque
589 1661 697 1705 rursus
715 1641 748 1704 in
763 1642 888 1704 malis...

157 1749 238 1810 laid.
255 1769 321 1810 s-
342 1753 406 1812 Nee
429 1768 503 1812 vero
526 1751 766 1829 perturbationes
787 1753 972 1825 animarum,
997 1768 1067 1829 quaa
1087 1750 1184 1812 vitam
1198 1749 1272 1812 insi·

117 1854 277 1934 pientium
292 1857 440 1919 miseram
454 1856 665 1936 acerbamque
683 1856 832 1932 reddunt,
857 1874 935 1937 quas
949 1857 1049 1918 Graeci
1067 1857 1174 1928 «Πάθη
1192 1877 1207 1914 α
1220 1875 1274 1937 ap

117 1964 240 2041 pellant
253 1964 409 2041 (poteram
422 1981 481 2043 ego
496 1965 627 2026 verbum
651 1965 754 2041 ipsum
774 1963 997 2042 interpretans,
1023 1963 1139 2024 morbos
1163 1964 1272 2044 appel-

118 2067 199 2143 lare;
215 2070 269 2130 sed
286 2088 349 2131 nou
364 2071 547 2133 conveniret
561 2070 600 2131 ad
616 2071 723 2131 omnia
737 2087 745 2131 :
761 2070 831 2149 quis
847 2069 933 2131 enim
949 2070 1204 2132 misericordiam
1217 2076 1273 2132 aut

117 2173 218 2253 ipsam
231 2176 440 2251 iracundiam,
457 2177 606 2239 morbum
621 2179 700 2239 solet
715 2178 843 2240 dicere?
855 2181 896 2239 At
910 2178 957 2239 illi
977 2179 1089 2241 dicunt
1102 2175 1215 2256 Πόθος).

155 2282 294 2352 Itidem:
309 2317 348 2328 -
417 2287 598 2363 Omnesque
609 2290 684 2346 sunt
698 2302 814 2364 genere
830 2290 965 2365 quatuor
983 2285 1125 2363 partibus
1146 2285 1272 2363 plures,

117 2390 283 2468 egritudo,
299 2390 448 2465 formida,
465 2391 578 2466 libido,
595 2409 754 2472 quamque
765 2393 864 2454 Stoici
880 2393 1044 2452 communi
1058 2393 1189 2454 nomine
1200 2409 1272 2454 cor-

119 2496 202 2574 poris
217 2503 251 2558 et
263 2496 361 2558 animi
392 2517 406 2553 a
418 2497 560 2569 Ἡδονήν»
580 2500 752 2578 appellant,
771 2517 829 2578 ego
845 2501 929 2561 malo
943 2500 1078 2561 laetitiam
1094 2501 1271 2578 appellare,

116 2608 204 2682 quasi
213 2607 368 2682 pestientts
383 2608 480 2665 animi
492 2606 653 2667 elationem
664 2608 881 2685 voluptariam.

153 2709 230 2789 Cap.
247 2713 280 2771 ll
310 2729 317 2770 :
340 2742 379 2757 -
457 2714 628 2791 Propterea
642 2712 730 2793 quod
745 2729 783 2774 ea
796 2731 861 2775 non
872 2715 912 2775 ad
928 2713 1073 2793 corporis
1088 2711 1267 2774 incommo-

117 2815 194 2876 dum
215 2817 405 2893 referuntur,
438 2817 494 2880 sed
517 2820 556 2880 ad
575 2826 683 2898 turpes
710 2819 863 2895 actiones,
879 2839 950 2899 quae
976 2820 1123 2881 oriuntur
1140 2820 1267 2882 avitiis.

117 2923 199 2994 ornas
216 2923 302 2984 enim
329 2925 429 2987 Graeci
449 2947 465 2984 a
479 2926 583 2994 Κακίας
600 2946 617 2984 α
645 2927 816 3006 appellant,
834 2931 911 2988 vitia
927 2928 1010 2987 malo
1026 2944 1122 3006 quarn
1137 2929 1275 2988 malitias

116 3030 290 3095 nominare.

154 3142 231 3220 Cap.
262 3145 300 3202 12
324 3161 332 3202 :
358 3140 588 3203 -Virtutibus
614 3139 711 3220 igitur
732 3140 909 3202 rectissime
926 3141 1006 3202 mihi
1019 3141 1149 3216 videris,
1173 3147 1215 3219 et,
1231 3144 1271 3204 ad

116 3248 380 3308 consuetudinem
405 3252 521 3309 nostrae
545 3245 709 3323 orationis,
739 3247 814 3308 vitia
828 3248 970 3326 posuisse
992 3249 1161 3310 contraria.
1179 3249 1270 3319 Quod

117 3353 202 3414 euim
215 3354 424 3433 vituperabile
439 3358 487 3414 est
508 3371 565 3432 per
579 3369 612 3414 se
624 3353 741 3432 ipsum,
758 3354 789 3413 id
805 3371 843 3414 eo
859 3354 928 3433 ipsa
943 3359 1053 3416 vitium
1068 3357 1269 3420 nominatum

116 3468 206 3538 puto,
229 3461 280 3523 rel
301 3461 397 3522 etiam
421 3478 440 3520 a
464 3459 541 3521 vitio
562 3460 685 3521 dictum
704 3460 889 3539 vituperari.
905 3460 961 3522 Sin
980 3462 1116 3522 «Κακίαν
1136 3485 1150 3521 n
1176 3466 1269 3528 ruati-

116 3572 190 3626 tr'arn
215 3567 358 3643 dixisses,
382 3567 422 3627 ad
444 3567 599 3628 aliudnos
620 3584 719 3628 uuum
741 3572 864 3628 certum
881 3566 993 3628 vitium
1008 3570 1208 3631 consuetudo
1223 3571 1268 3633 la·

116 3673 184 3734 tina
199 3675 390 3737 traduceret.
405 3677 494 3736 Nunc
507 3674 594 3735 omni
609 3673 719 3736 pinati
730 3677 837 3734 citiam
850 3676 1011 3737 contrario
1024 3676 1156 3740 nomine
1170 3695 1272 3759 oppo-

116 3780 213 3842 nitur.

156 3888 233 3965 Cap.
249 3889 289 3948 ll
308 3904 317 3948 ε
340 3921 382 3936 -
395 3890 435 3950 Et
448 3887 721 3966 quemadmodum
737 3891 953 3966 opportunitas
979 3888 1037 3965 (sic
1058 3889 1144 3950 enim
1163 3893 1274 3971 appel-

116 3995 217 4056 lemus
236 3994 410 4074 «Εὐκαιρίαν
435 3996 466 4075 n)
489 4013 553 4057 uon
569 3995 604 4056 lit
618 3993 720 4073 major
740 3994 952 4072 productione
967 3996 1121 4075 temporis
1139 3995 1272 4075 (habent

117 4100 203 4161 enim
232 4117 325 4160 suum
347 4102 480 4162 modurn
496 4117 706 4180 quacumque
725 4105 905 4178 opportuna
922 4100 1101 4179 dicuntur);
1127 4101 1173 4163 sic
1188 4111 1271 4168 recta

115 4209 238 4287 effectio
251 4205 438 4288 (Κατόρθωαιν
455 4209 540 4270 enim
555 4209 598 4270 ita
612 4209 750 4287 appello,
766 4208 917 4287 quoniam
934 4215 1011 4270 recte
1030 4210 1144 4286 factam
1166 4211 1270 4294 Kardp

117 4315 246 4394 θωμα)...
