2790 4770
568 272 570 277 .
632 257 677 271 -
705 191 833 290 rsa-

536 442 599 504 cto,
619 443 758 508 Tusculum,
777 446 796 508 i,
811 464 866 515 cap.
883 451 924 500 tu.

189 583 306 641 iluitam
322 602 404 658 vero,
420 588 525 662 inquit,
543 607 672 663 operam,
690 593 788 665 amici,
803 593 905 655 trustra
922 594 1092 668 consumpsi.
1109 595 1218 652 Critoni
1235 594 1310 651 enim

152 682 248 730 nostro
260 691 315 731 nou
330 679 452 748 persuasi
469 695 514 736 nte
527 679 591 737 hino
602 683 788 751 avolaturum,
800 701 890 758 neque
904 684 1056 759 quidquam
1067 686 1122 742 mei
1136 685 1309 742 relicturum.

151 764 367 833 Verumtamen.
383 768 476 842 Crito,
492 770 514 826 si
529 786 574 828 mo
594 773 702 847 assequi
717 774 842 847 potueris
854 783 904 832 aut
918 775 1004 831 sicubi
1015 783 1115 831 nactus
1128 774 1198 844 eris,
1211 782 1245 832 ut
1257 773 1309 831 tihi

151 857 301 929 ridebitur,
316 863 440 935 sepelito.
457 865 522 936 Sed,
536 867 713 938 mihicrede,
728 885 812 927 nemo
822 886 867 926 me
878 878 1017 940 vestrum,
1031 870 1197 943 quumiriuo
1211 885 1307 926 exues·
1375 944 1380 955 .

151 967 224 1024 sero,
238 962 432 1033 consequetur.
622 964 624 968 ’

511 1428 643 1487 Πλάτωνος
657 1429 772 1497 Φαῖδρος,
787 1428 873 1495 sepit.
889 1432 931 1482 24.

203 1594 296 1684 Ψυχὴ
316 1595 403 1660 παῖσα
425 1588 591 1670 ἀθάνατος.
612 1592 656 1658 Τὸ
670 1588 728 1687 γὰρ
749 1590 918 1666 ἀεικίνητον
935 1591 1088 1660 ἀθάνατον
1103 1615 1111 1633 ·
1130 1587 1166 1659 τδ
1183 1583 1213 1656 δ’
1229 1587 1304 1659 ἀλλο

151 1724 250 1782 κινοῦν
270 1714 321 1782 καὶ
345 1719 395 1782 ὑπ’
416 1712 511 1784 ἀλλου
535 1717 722 1808 κινούμενον,
749 1723 870 1783 παῦλαν
902 1719 970 1808 ἕχον
996 1721 1151 1800 κινήσεως,
1185 1720 1304 1783 παῦλαν

151 1842 212 1933 ἔχει
224 1832 313 1919 ζωῆς.
337 1841 441 1909 Μόνον
463 1833 501 1914 ii
521 1841 557 1910 τὸ
574 1841 650 1908 αὑτὸ
668 1851 780 1924 κινοῦν,
800 1839 846 1908 σῖτ’
866 1844 921 1909 οὐκ
939 1840 1106 1940 ἀπολεῖπον
1128 1841 1236 1926 ἑαυτὸ,
1258 1839 1304 1907 οὔ·

151 1991 229 2033 ποτε
252 1971 340 2059 λη’γει
363 1968 550 2058 κινούμενον,
576 1963 657 2032 αλλὰ
676 1966 729 2033 καὶ
751 1974 817 2044 τοῖς
838 1962 942 2045 ἀλλοις
968 1969 1026 2034 ὅσα
1047 1973 1185 2045 κινεῖται,
1211 1975 1305 2033 τοῦτο

153 2094 237 2184 πηγὴ
251 2091 302 2158 καὶ
324 2091 401 2184 ἀρχὴ
421 2094 577 2170 κινήσεως.
598 2080 685 2183 Ᾱρχη
707 2085 736 2156 δ’
755 2091 917 2185 ἀγένητον.
934 2076 980 2169 EQ
998 2091 1094 2183 ἀρχῆς
1112 2084 1171 2186 γάρ
1189 2089 1306 2183 ἀνάγκη

154 2220 215 2283 πὀῖν
238 2218 274 2284 τὸ
291 2217 469 2312 γιγνόμενον
489 2215 655 2311 γίγνεσθαι,
674 2219 768 2290 αὐτὴν
792 2208 826 2283 δὲ
843 2208 918 2308 μηδ’
931 2210 963 2295 ἐξ
977 2217 1060 2294 ἑνός·
1082 2214 1107 2283 εἰ
1122 2211 1181 2310 γὰρ
1201 2216 1307 2282 ἕκτου

153 2343 231 2435 ἀρχὴ
249 2341 398 2437 γίγνοιτο,
416 2346 471 2410 οὐκ
485 2336 519 2408 ἀν
538 2326 630 2436 [πᾶν]
651 2335 682 2420 ἐξ
697 2342 792 2434 ἀρχῆς
806 2343 955 2437 γίγνοιτο.
976 2327 1095 2412 Επειδὴ
1114 2333 1142 2407 δ’
1156 2341 1307 2435 ἀγένητόν

154 2469 233 2549 ἐστι,
250 2465 302 2533 καὶ
317 2458 501 2560 ἀδιάφθορον
518 2466 591 2534 αὐτὸ
612 2466 729 2560 ἀνάγκη
746 2464 836 2533 εἶναι.
857 2455 964 2559 Ᾰρχῆς
982 2464 1040 2561 γὰρ
1056 2457 1096 2540 δὴ
1115 2468 1309 2560 ἀπολομένης

155 2590 218 2658 οὔτ’
238 2592 317 2667 αὐτη
332 2593 401 2658 ποτ’
420 2592 525 2659 ἕκτου
544 2594 608 2658 οὔτ’
627 2588 703 2658 ἀλλο
724 2584 756 2668 ἐξ
774 2589 887 2670 ἐκείνης
910 2594 1081 2685 γενήσεται,
1099 2588 1180 2684 εἴπερ
1201 2584 1234 2668 ἐξ
1253 2591 1309 2684 άμ-

157 2726 214 2809 γῆς
234 2707 285 2783 δεῖ
299 2713 340 2784 τὰ
354 2713 459 2785 πάντα
474 2716 640 2812 γίγνεσθαι.
662 2722 755 2786 Οὕτω
775 2709 813 2793 δὴ
834 2723 976 2796 κινήσεως
997 2718 1050 2810 μὲν
1074 2716 1153 2810 ἀργὴ
1176 2716 1212 2782 τὸ
1233 2715 1309 2781 αὐτὸ

158 2845 234 2911 αὑτὸ
254 2854 364 2912 κινοῦν.
385 2846 485 2911 Τοῦτο
509 2835 538 2907 δ’
561 2845 627 2909 οὔτ’
647 2844 838 2911 ἀπόλλυσθαι
859 2845 927 2909 οὔτε
949 2841 1104 2938 γίγνεσθαι
1128 2833 1273 2926 δυνατὸν,
1291 2839 1309 2915 ἢ

158 2970 262 3038 πάντα
277 2975 305 3037 τ’
319 2972 443 3064 οὐρανὸν
458 2972 560 3040 ποῖσάν
574 2996 606 3039 τε
620 2971 734 3064 γένεσιν
755 2979 968 3063 συμπεσοῦσαν
986 2978 1107 3052 στῆναι,
1124 2967 1176 3048 καὶ
1196 2970 1312 3059 μήποτ’

162 3094 243 3173 αὖθις
260 3099 336 3189 ἔχειν
356 3097 420 3163 ὅθεν
439 3094 600 3168 κινηθέντα
618 3099 789 3189 γενήσεται.
813 3084 973 3161 Ᾱθανάτου
988 3085 1023 3160 δὲ
1037 3093 1233 3184 πεφασμένου
1256 3100 1311 3157 τοῦ

157 3224 207 3309 tp'
225 3223 335 3286 ἑαυτοῦ
349 3223 534 3311 κινουμένου,
551 3216 650 3311 ψυχῆς
665 3217 771 3288 οὐσίαν
792 3244 826 3285 τε
846 3219 898 3286 καὶ
916 3218 1008 3312 λόγον
1030 3227 1139 3305 τοῦτον
1156 3215 1251 3281 αὐτόν
1267 3240 1312 3293 τις

158 3351 255 3442 λέγων
272 3351 327 3414 οὐκ
342 3344 542 3438 αἰσχυνεῖται.
563 3346 630 3409 Ποῖν
654 3344 712 3440 γὰρ
730 3354 832 3437 σῶμα,
854 3354 877 3431 ᾠ
897 3344 951 3434 μὲν
973 3335 1079 3419 ἔξωθεν
1099 3342 1136 3408 τὸ
1154 3341 1313 3421 κινεῖσθαι,

158 3471 290 3567 ἄψυχον,
318 3500 341 3536 ω
360 3464 391 3537 δ’
411 3463 527 3538 ἔνδοθεν
548 3473 632 3555 αὐτῷ
658 3462 690 3547 ἐξ
709 3473 814 3545 αὑτοῦ,
834 3464 987 3560 ἕμψυχονς
1014 3474 1053 3546 ὡς
1076 3468 1191 3544 ταύτης
1220 3468 1313 3542 οὔσης

160 3601 275 3693 φύσεως
295 3594 405 3689 ψυχῆς.
435 3596 472 3662 Εἰ
490 3588 518 3662 δ’
543 3598 606 3664 ἐστὶ
629 3594 713 3662 τοῦθ’
738 3599 835 3673 οὕτως
856 3595 937 3685 ἕχον,
957 3596 1000 3685 μη
1026 3590 1103 3660 ἀλλο
1131 3618 1162 3658 τι
1182 3587 1314 3658 εἶναιτὸ

160 3724 236 3791 αὐτὸ
252 3723 344 3790 ἑαυτὸ
365 3733 463 3788 κινοῦν
488 3728 506 3797 ἢ
527 3717 639 3813 ψυχὴν,
657 3713 688 3798 ἐξ
707 3718 840 3812 ἀνάγκης
859 3719 1004 3813 ἀγένητόν
1028 3743 1062 3784 τε
1086 3717 1139 3785 καὶ
1159 3716 1313 3783 ἀθάνατον

159 3847 242 3941 ψυχὴ
262 3844 298 3916 ἂν
318 3847 361 3922 εἴη
384 3836 398 3938 (
421 3839 448 3936 ).

186 4182 223 4248 (t)
241 4178 383 4230 Theodorus
407 4175 470 4226 Gaza
488 4175 555 4225 huno
567 4174 650 4225 locum
662 4173 688 4223 in
710 4169 911 4238 interpretatione
929 4169 1012 4220 Groeoa
1028 4190 1040 4214 ο
1053 4167 1148 4219 Somuii
1162 4167 1286 4235 Scipionis
1304 4196 1315 4216 ε

150 4264 315 4331 ιτιιιεοιῖριῖῐ.
