2790 4770
628 293 852 376 ,τοο-4

201 450 287 524 flio,
299 449 472 520 ἄρδεται,
487 465 555 526 cap.
581 452 599 510 3
615 467 622 508 :
638 481 678 494 -
741 449 835 510 Pares
848 454 955 511 autem
977 467 1052 512 oum
1067 451 1211 530 paribus,
1230 459 1335 514 vetere

171 553 352 635 proverbio,
369 552 519 616 facillime
535 562 768 634 congregantur
791 555 843 636 (l).
1125 556 1127 560 ’

189 695 193 701 -
211 660 289 734 Cio,
304 661 341 722 de
353 661 484 735 θεαταί,
499 677 570 738 oap.
585 663 622 722 λθ
639 660 869 747 :-l'idetisne
886 666 920 723 ut
933 662 1017 740 apud
1032 663 1209 726 Homerum
1224 665 1335 744 saepis·

171 770 251 832 sime
266 770 379 831 Nestor
395 767 435 829 de
457 766 629 830 virtutibus
643 768 707 829 suis
729 767 902 847 praedicet?
917 767 1058 831 Tertiam
1072 770 1158 832 enirn
1173 770 1244 850 jam
1258 774 1333 833 aeta-

169 883 235 940 tem
261 875 429 939 hominum
448 871 573 936 vivebat
584 873 647 955 (2);
678 891 738 936 neo
758 879 825 937 erat
849 874 878 937 ei
890 876 1076 951 verendum,
1094 894 1136 938 ne
1148 894 1223 939 vera
1237 877 1333 938 de-se

170 982 358 1064 praedicans,
376 979 469 1042 nimis
484 981 645 1044 videretur
659 986 713 1043 aut
727 978 866 1044 insolens
879 988 933 1044 aut
947 982 1073 1062 loquax.
1088 982 1215 1064 Etenim
1230 985 1277 1060 (ut
1289 982 1334 1045 ait

169 1091 336 1171 Homerus)
350 1089 469 1168 exejus
486 1087 592 1168 lingua
604 1069 699 1150 melle
711 1086 834 1150 dulcior
848 1088 967 1150 fluebat
981 1087 1155 1170 oratio'(3);
1178 1107 1279 1169 quam
1292 1090 1331 1150 ad

140 1191 142 1196 ’
170 1196 355 1260 suavitatem
369 1197 464 1257 nullis
477 1194 591 1275 egebat
606 1195 748 1274 corporis
766 1195 884 1257 viribus
902 1215 909 1258 ε
927 1201 960 1258 et
976 1200 1084 1258 tamen
1097 1196 1162 1257 dur
1176 1193 1232 1257 ille
1247 1197 1332 1266 Grae·

170 1304 228 1366 oiae
243 1320 400 1382 nusquam
415 1307 515 1380 optat,
543 1307 579 1363 ut
604 1300 707 1380 Ajaois
727 1300 847 1364 similes
873 1301 989 1364 haheat
1015 1302 1138 1379 decem,
1159 1307 1191 1365 at
1208 1307 1245 1364 ut
1259 1305 1332 1365 Nes-

170 1421 262 1496 toris;
292 1420 376 1500 quod
402 1419 428 1480 si
444 1418 607 1492 aooiderit,
631 1436 694 1480 non
720 1417 845 1483 dubitat
868 1418 946 1498 quin
969 1418 1056 1491 brevi
1072 1417 1167 1497 'lroja
1188 1419 1232 1482 sit
1250 1417 1333 1498 peri·

167 1532 239 1587 tura
265 1524 320 1606 (l).

123 1674 125 1679 ·
209 1640 285 1717 Cio,
310 1639 447 1715 rosor„
459 1641 482 1714 Ι,
501 1656 570 1719 oap.
593 1643 633 1702 26
646 1659 653 1702 ε
667 1673 706 1687 -
770 1642 834 1703 Νεο
845 1642 1019 1703 Homerum
1032 1639 1139 1716 audi0,
1159 1640 1216 1721 qui
1233 1644 1332 1723 Gany-

170 1749 296 1810 medem
322 1765 340 1808 a
366 1745 430 1808 Diis
446 1752 573 1826 raptum
595 1745 639 1809 ait
651 1752 782 1826 propter
795 1748 942 1824 formam,
958 1752 993 1809 ut
1004 1747 1071 1809 lovi
1092 1746 1205 1810 bibere
1221 1749 1334 1810 minis-

168 1858 334 1938 traret(5).
1074 1935 1076 1938 Ι

195 1963 291 2043 Cio,
306 1966 344 2026 de
357 1966 474 2040 Diam,
496 1968 520 2041 l,
534 1984 603 2044 cap.
619 1968 660 2028 λθ
677 1984 683 2025 :
700 1999 737 2010 -
750 1966 890 2039 Quorum
905 1965 945 2028 de
959 1967 1060 2028 altero
1077 1966 1117 2044 (6)
1133 1965 1233 2028 etiarn
1246 1969 1330 2047 apud

168 2073 285 2134 inloros
313 2075 469 2133 Homerus
494 2071 548 2147 ait,
571 2093 586 2129 (ι
610 2073 714 2133 solum
729 2088 852 2150 sapere,
871 2077 1004 2135 caeteros
1018 2071 1209 2135 umbrarum
1225 2074 1330 2154 vagari

172 2181 268 2242 modo
278 2179 331 2260 (l).
345 2202 359 2238 ν

95 2430 97 2434 '
174 2378 183 2441 η’
200 2414 238 2487 (l)
257 2419 294 2470 Cf.
307 2417 356 2470 hoc
369 2409 467 2470 carmen
482 2419 591 2486 Odl⁸⁵‘³‘'³e
603 2388 664 2484 ΝΠ*
680 2421 740 2485 2¹⁸)
753 2437 759 2469 ³

351 2554 364 2574 α
381 2532 426 2589 Ὧς
440 2532 486 2582 αἰεὶ
499 2531 542 2581 τόν
559 2531 645 2596 όμοῖον
661 2528 716 2595 ἄγει
730 2531 784 2588 θεὸς
798 2533 832 2588 ὡς
845 2532 887 2582 τόν
900 2534 995 2598 ὁμοῖον.
1009 2554 1021 2578 ν

201 2635 274 2684 Vetus
286 2633 346 2683 illud
361 2633 516 2699 proverbium
527 2635 577 2699 jam
595 2633 706 2698 superins
720 2633 785 2698 apud
799 2632 925 2684 Platonem
938 2635 1046 2701 legimus.
1063 2635 1127 2696 Quin
1141 2638 1172 2687 ad
1186 2637 1253 2688 idem
1265 2613 1329 2689 'allu-

167 2720 208 2769 dat
222 2718 376 2767 Aristaenetus
390 2718 479 2787 (Epist.
493 2718 514 2776 l,
533 2720 582 2781 10),
597 2717 652 2783 quis
665 2715 777 2767 dubitat?
790 2714 886 2783 Quippe
898 2719 941 2784 qui
953 2719 1005 2768 haee
1019 2720 1162 2785 scripserit:

194 2883 196 2887 ¹
219 2853 232 2876 a
253 2831 284 2880 ‘0
297 2830 344 2895 γάρ
358 2830 459 2886 παλαιός
469 2831 542 2892 λόγος
554 2823 580 2879 εό
594 2828 652 2894 ἔχει,
667 2831 700 2884 ὡς
712 2828 799 2892 ὁμοῖον
814 2829 892 2894 ὁμοίῳ
904 2831 968 2880 κατὰ
978 2831 1041 2881 θεῖον
1054 2830 1091 2908 όιεὶ
1104 2833 1280 2898 προσπελάζει.
1293 2857 1306 2876 ι

204 2930 239 2994 (t)
258 2927 295 2979 Cf.
310 2927 395 2988 Iliad„
411 2929 431 2990 l,
447 2932 495 2981 250
512 2938 536 2978 et
554 2935 599 2994 sqq
602 2952 698 2978 .......
710 2933 772 2995 μετὰ
791 2930 817 2981 δὲ
838 2933 986 2997 τριτάτοισιν
1004 2932 1135 2986 ἄνασσεν»
1147 2951 1210 3000 quos
1226 2935 1325 3001 quidem

171 3030 252 3063 remus
264 3014 315 3078 jam
329 3013 429 3080 protuli.

201 3100 237 3162 (3)
255 3097 293 3150 Cf.
306 3094 392 3156 Iliad„
409 3097 428 3159 l,
444 3100 492 3148 249
505 3115 511 3147 :
524 3118 536 3142 n
547 3101 598 3147 Τοῦ
609 3098 651 3146 καὶ
660 3097 707 3147 άπὸ
722 3100 836 3161 γλώσσης
848 3100 942 3163 μελιτος
955 3101 1060 3165 γλυκίων
1074 3102 1127 3169 ῥέεν
1139 3103 1211 3163 αὐδή.
1226 3125 1239 3149 ν

204 3183 239 3248 (l)
258 3181 294 3231 el.
315 3199 343 3231 ea
356 3199 408 3248 quae
422 3182 483 3232 dicit
496 3181 660 3256 Agamemnon
677 3181 773 3246 (Iliam,
787 3183 818 3244 ll,
833 3188 878 3235 271
896 3194 920 3235 el
933 3184 1006 3251 sqq).

304 3328 309 3338 .
353 3306 366 3329 ν
377 3284 492 3336 Τοιοῦτοι
506 3285 565 3334 δέκα
575 3302 618 3350 μοι
632 3285 822 3351 συμφράδμονες
836 3279 884 3336 εἶεν
903 3288 1020 3354 Ἀχαιῶν·

352 3371 388 3434 τῷ
401 3387 430 3419 τε
444 3368 498 3435 τάχ’
507 3370 611 3433 ἠμύσειε
624 3370 692 3427 πόλις
706 3371 831 3436 Πριάμοιο
845 3370 959 3431 ἄνακτος,

352 3455 435 3521 χερσὶν
447 3456 487 3519 ὑφ’
499 3456 646 3528 ἡμετέρῃσιν
663 3455 758 3507 ἁλοῦσά
770 3473 797 3506 τε
810 3458 947 3523 περθομένη
960 3474 997 3508 τε.
1014 3479 1027 3502 ν

203 3572 237 3635 (ὃ)
255 3571 353 3620 Homer.
368 3567 441 3618 Iliad.
455 3570 507 3629 XX,
522 3573 571 3619 232
584 3579 608 3619 et
622 3586 676 3635 sqq.
692 3587 698 3621 ι

376 3692 618 3722 ........
631 3671 678 3720 Καὶ
695 3671 804 3728 ἀντίθεος
817 3673 971 3736 Γανυμήδης,

370 3757 397 3812 ός
416 3756 444 3815 δὴ
461 3755 589 3811 κάλλιστος
608 3756 697 3815 γένετο
716 3757 811 3814 θνητῶν
833 3757 983 3822 ἀνθρώπων·

370 3840 411 3889 τὸν
426 3840 467 3888 καὶ
479 3839 644 3904 ἀνηρείψαντο
658 3840 708 3889 θεοὶ
722 3841 759 3890 Διὶ
774 3841 933 3906 οἰνοχοεύειν,

369 3924 469 3979 κάλλεος
481 3925 564 3972 εἵνεκα
578 3915 626 3982 olo,
639 3923 669 3972 ἵν’
682 3923 825 3974 ἀθανάτοισι
840 3926 932 3988 μετείη.
947 3946 960 3970 ν

200 4040 236 4102 (θ)
255 4036 330 4087 Paulo
344 4035 454 4102 superius
469 4012 627 4084 nominantur
640 4034 801 4100 Amphiaraus
812 4045 836 4085 et
851 4018 964 4087 Tiresias.

201 4124 237 4187 (l)
255 4121 291 4172 Cf.
307 4121 404 4170 Homer.
422 4117 509 4188 odyss.
524 4119 554 4182 X,
571 4122 618 4169 lot
634 4128 658 4167 et
673 4121 721 4168 495
737 4133 743 4167 :
814 4127 817 4131 '

367 4244 379 4267 «ι
391 4224 433 4286 Τῷ
447 4223 493 4289 γὰρ
505 4222 623 4280 τεθνηῶτι
635 4222 692 4272 νόον
703 4220 764 4287 πόρε
777 4221 944 4287 Περσεφόνεια

366 4305 412 4371 οἴῳ
424 4307 574 4356 πεπνύσθοιι·
587 4309 625 4356 τοὶ
640 4306 665 4354 δὲ
678 4304 746 4356 σκιαὶ
758 4300 896 4359 α’ίσσονσιν,
910 4326 923 4351 ν
