2790 4770
690 350 871 414 ..3ss-

144 552 149 559 ,
201 497 302 561 meret
311 490 431 565 Cicero,
448 493 483 551 ut
497 488 632 569 quilibet
644 490 786 566 Homeri,
801 490 900 551 sinon
914 488 994 550 alius
1009 491 1123 568 poetae,
1136 486 1278 549 locusab
1293 487 1357 566 ip'so

201 614 332 676 prorsus
369 596 634 676 exprimeretur3'
649 611 813 678 quumque
842 597 1064 659 hexametrum
1098 592 1247 675 inprimis
1275 613 1357 656 usur·

200 708 300 783 paret,
317 704 342 766 si
355 722 427 785 quae
441 722 533 768 voces
546 706 631 784 apud
648 704 772 768 Livium
784 705 848 767 vim
862 705 1019 767 haberent
1037 702 1229 778 illustrandi,
1240 720 1306 766 -nec
1321 701 1356 764 ab
1383 734 1388 741 ·

200 828 260 872 usu
286 816 390 874 essent
415 812 632 889 abhorrentes,
666 813 691 875 si
706 814 854 893 grandes,
878 812 991 897 plene,
1016 814 1174 885 sonantes,
1193 826 1247 872 eas
1262 827 1356 873 novus
1384 858 1388 863 .

199 917 368 1000 interpres,
382 925 505 982 mutato
520 925 643 984 tantum
659 922 782 998 ordine,
805 920 865 983 sibi
886 918 1047 982 vindicare
1061 922 1197 997 poterat.
1383 900 1388 985 ⁵.

240 1026 383 1092 Atenim
396 1027 515 1089 Ennius
530 1028 716 1090 Andronico
741 1027 914 1107 perfectior
928 1027 1029 1088 multa
1045 1022 1141 1088 etiam
1163 1023 1204 1086 ab
1217 1025 1355 1086 Homero
1385 1090 1388 1095 ,

199 1133 374 1212 transtulit,
396 1131 550 1217 illumque
572 1134 693 1200 Tullius
708 1133 826 1199 imitari
841 1135 990 1198 maluisse
1006 1134 1142 1210 videtur,
1159 1150 1262 1214 quum
1280 1151 1355 1214 prae·

200 1242 312 1306 sertim
322 1243 507 1327 quempiam
521 1262 586 1307 non
593 1245 716 1308 refellat
730 1245 800 1308 haec
817 1245 1028 1307 affirmantem
1045 1263 1052 1306 ε
1067 1243 1194 1304 «Ennio
1204 1242 1354 1318 delector,

199 1350 288 1432 quod
299 1368 363 1413 non
379 1351 516 1416 discedit
532 1371 551 1416 a
568 1354 733 1417 communi
752 1372 841 1417 more
856 1352 1026 1417 verborum
1042 1349 1128 1434 (1).»
1147 1349 1270 1413 Ennius
1289 1367 1355 1413 vero

200 1437 371 1524 interillos
386 1467 582 1539 numeratur,
602 1462 656 1544 qui
673 1483 688 1522 ιι
701 1480 765 1525 non
782 1462 918 1541 verba»,
936 1463 990 1525 sed
1009 1459 1098 1523 ovim
1113 1461 1302 1522 Graecorum
1313 1477 1357 1522 ex·

200 1575 384 1649 presserunt
406 1576 574 1650 poetarum
583 1594 614 1634 u.
635 1573 704 1635 Non
722 1572 790 1635 sine
806 1589 903 1636 causa
916 1572 1015 1634 talem
1028 1567 1142 1632 habuit
1162 1567 1355 1632 sententiam

200 1676 311 1740 Cicero
331 1696 339 1739 ε
357 1677 441 1740 baud
466 1678 559 1742 aliter
581 1680 625 1741 de'
639 1679 700 1742 hac
722 1697 756 1742 re
779 1679 955 1760 cogitabis,
979 1678 1005 1741 si
1028 1693 1157 1740 mecum
1179 1677 1357 1757 fragmenta

200 1783 352 1849 Ennianae
364 1786 486 1851 Medeae
505 1787 544 1867 (ἓ)
560 1804 636 1850 cum
651 1787 848 1851 carminibus
861 1783 1023 1866 Euripidis
1037 1786 1183 1849 conferas
1199 1802 1208 1859 ;

436 2019 500 2070 rus
518 2021 688 2072 nrrrnrnor
703 2020 849 2072 nunnius
865 2019 1123 2072 nuonnlnunrn.
1229 2003 1230 2006 ’

768 2151 792 2214 l.

239 2328 241 2332 ⁴
283 2301 347 2371 Εἴθ’
367 2306 457 2398 ὤφελ’
473 2290 594 2398 Ᾱργσῢς
612 2305 656 2397 μὴ
677 2295 872 2373 διαπτάσθαι
891 2301 1009 2397 σκάφος

282 2427 414 2520 Κάιιχων
435 2430 464 2508 ἐς
484 2422 553 2496 αἶαν
571 2430 701 2528 ιιυανέας
723 2420 977 2526 Συμπληγάδας,
1023 2517 1025 2521 ,

282 2544 359 2645 μήδ’
377 2556 408 2621 ἐν
426 2553 553 2623 νάπαισι
574 2554 691 2630 Πηλίου
708 2562 808 2624 πεσεῖν
828 2581 903 2624 ποτε

233 2746 235 2750 i
280 2677 434 2782 τμηθεῖσα
451 2680 568 2771 πιάιιη,
584 2671 659 2774 μήδ’
678 2685 849 2776 ἐριτμῶσαι
866 2684 958 2776 χέρας

281 2795 402 2898 ἀνδρῶν
422 2804 570 2901 ἀρίστων,
584 2804 613 2876 οἳ
630 2807 665 2875 τὸ
687 2807 866 2903 πάγχρυσον
887 2799 974 2903 δέρος

282 2931 381 3024 Πελίᾳ
401 2932 566 3027 μετῆλθον.
587 2936 634 3002 Οὐ
652 2931 711 3030 γὰρ
729 2927 765 3001 ἃν
780 2925 916 3004 δέσποιν’
935 2938 991 3029 ἐμὴ

527 3150 677 3204 πανιιιιπ
693 3113 811 3204 απιιππ
826 3152 1041 3207 retentura:

309 3293 351 3358 cl.
365 3292 482 3355 Utinam
494 3296 524 3354 in
538 3312 653 3356 nemore
666 3297 743 3356 Pelio
756 3299 900 3359 securibus

308 3403 378 3446 caesa
392 3385 535 3444 cecidisset
547 3387 663 3461 abiegna
678 3387 713 3445 ad
724 3395 828 3446 terram
837 3389 942 3458 trabes,

307 3492 378 3536 neve
390 3475 454 3534 inde
467 3475 547 3534 naris
561 3476 727 3536 inchoandae
741 3477 886 3535 exordium

308 3567 446 3641 coepisset,
461 3583 524 3640 quae
538 3581 614 3625 nunc
623 3568 786 3625 nominatur
794 3567 911 3626 nomine

308 3661 395 3731 Argo,
409 3655 474 3729 quia
489 3656 581 3729 Argivi
596 3659 623 3713 in
638 3673 670 3714 ea
685 3657 784 3715 delecti
797 3658 847 3715 viri

307 3746 377 3803 vecti
392 3746 521 3818 petebant
533 3746 634 3820 pellem
650 3749 803 3806 inauratum
815 3750 909 3808 arietis

309 3833 431 3911 Colchis,
445 3835 560 3909 imperio
572 3837 645 3912 regis
656 3837 750 3906 Peliae,
763 3853 812 3912 per
824 3838 938 3897 dolum!

250 4107 258 4154 l
285 4103 335 4154 Cic.
350 4106 420 4154 Orat.
433 4102 466 4154 lll
491 4107 533 4156 36.

235 4104 273 4255 ((2))
285 4186 343 4250 Quae
348 4188 447 4256 quidem
458 4139 483 4238 ib
493 4187 605 4255 pluribus
611 4190 746 4257 Eclogariis
755 4191 824 4243 libris
831 4193 932 4244 collecta
937 4201 994 4244 sunl
1000 4192 1057 4259 (rid.
1069 4194 1129 4262 imp.
1140 4194 1169 4246 Ε.
1179 4195 1264 4263 ligger.
1275 4192 1358 4266 reliq,

201 4289 227 4339 p.
245 4276 291 4324 145
302 4282 328 4322 et
337 4287 389 4338 sqq.
400 4271 524 4322 -Joanu
536 4270 641 4325 Vahlen.
653 4275 771 4326 Eurricuoe
778 4295 848 4348 pces.
866 4275 936 4348 reliq.
956 4277 1136 4346 lipsio-1854.
1148 4307 1180 4318 -
1194 4278 1224 4332 0.
1239 4276 1356 4335 Ribbeck.

203 4362 278 4424 Trag.
292 4355 372 4407 Laeta.
383 4353 420 4405 rel
424 4393 429 4404 .
442 4354 522 4423 Lips„
535 4357 620 4424 18⁵2).
