2790 4770
648 240 850 310 -156-

171 398 285 490 πρόσθε
301 398 352 467 καὶ
371 399 491 468 όπισθεν
509 401 561 468 καὶ
579 397 672 469 πάλιν
694 399 734 480 εἰς
760 390 847 478 δεξιίι
868 398 919 466 καὶ
948 395 1093 494 ἀριστερά
1108 398 1195 466 κάτω
1224 423 1258 465 τε
1279 396 1330 465 καὶ

145 573 148 577 .
173 519 235 591 ἀνω
253 522 306 591 καὶ
322 526 424 603 πάντη
439 524 521 594 κατὰ
538 527 609 606 τοὺς
627 520 663 605 ἓξ
678 526 792 603 τόπους
810 529 995 618 πλανώμενα
1010 526 1128 619 προῄει.

184 903 187 908 ’
227 880 331 962 XIV.
353 896 399 962 Τὸ
418 884 452 962 δὲ
467 894 536 987 περὶ
551 894 608 969 τὴν
625 903 687 959 τῶν
707 870 896 986 κατόπτρων
916 884 1128 964 εἰδωλοποιίαν
1153 895 1207 963 καὶ
1224 894 1330 962 πάντα
1362 972 1366 985 Ι

173 1022 231 1086 ὅσα
245 1022 364 1112 ἐμφανῆ
383 1018 434 1085 καὶ
450 1024 530 1108 λεῖα,
545 1007 683 1084 κατιδεῖν
698 1008 786 1084 οὐδὲν
805 1018 852 1085 ἔτι
865 1018 1016 1110 χαλεπόν·
1032 1021 1067 1087 ἰκ
1086 1015 1144 1114 γάρ
1165 1030 1223 1099 τῆς
1244 1021 1329 1099 ἐντὸς

173 1145 262 1223 ἐκτός
285 1169 319 1211 τε
345 1153 401 1212 τοῦ
421 1145 515 1238 πυρὸς
535 1144 680 1236 ἑκατέρου
704 1142 859 1222 κοινωνίας
882 1143 1046 1230 ἀλληλοις,
1063 1145 1127 1224 ἑνός
1149 1171 1184 1212 τε
1204 1141 1242 1213 αὖ
1262 1143 1330 1238 περὶ

176 1270 231 1344 την
246 1267 396 1343 λειότητα
418 1268 563 1335 ἑκάστοτε
580 1269 743 1361 γενομένου
763 1267 815 1334 καὶ
836 1273 980 1362 πολλαχῆ
1001 1268 1328 1364 μεταρρυθμισθέντος,

172 1394 278 1462 πάντα
298 1391 490 1463 τὰτοιαῦτα
514 1388 546 1473 ἐξ
564 1393 698 1490 ἀνάγκης
728 1393 919 1488 ἐμφαίνεται,
939 1405 995 1462 τοῦ
1021 1396 1090 1489 περὶ
1111 1397 1149 1463 τὸ
1163 1396 1329 1491 πρόσωπον

173 1519 265 1610 πυρός
279 1528 325 1607 τῷ
338 1519 407 1614 περὶ
420 1524 473 1596 την
491 1517 559 1610 όψιν
576 1519 648 1612 πυρὶ
671 1519 741 1614 περὶ
761 1522 798 1587 τὸ
809 1527 890 1589 λεῖον
916 1523 969 1590 καὶ
989 1526 1130 1619 λαμπρόν
1151 1518 1330 1620 ξυμπαγοῦς

171 1647 363 1739 γιγνομένου.
391 1638 481 1723 Δεξιθι
503 1638 537 1712 δὲ
560 1638 746 1737 φαντάζεται
767 1644 808 1714 τίι
828 1647 984 1743 ἀριστερὰ,
1009 1653 1057 1719 ότι
1085 1659 1149 1733 τοῖς
1183 1654 1330 1735 ἐναντίοις

172 1772 275 1864 μέρεσι
290 1780 345 1850 τῆς
362 1768 459 1861 ὅψεως
480 1770 550 1863 περὶ
568 1768 717 1839 τάναντία
737 1777 812 1867 μέρη
832 1773 972 1867 γίγνεται
991 1770 1091 1867 ἐπαφὴ
1103 1772 1195 1867 ,παρὰ
1214 1777 1252 1843 τὸ
1272 1803 1330 1844 κα-

172 1894 279 1974 θεστὸς
306 1896 372 1973 ἔθος
392 1907 447 1974 τῆς
475 1891 666 1989 προσόολῆς·
693 1888 782 1974 δεξιὰ
805 1888 843 1965 ’δὲ
863 1894 903 1965 τὰ
935 1890 1021 1978 δεξιὰ
1046 1899 1099 1967 καὶ
1124 1897 1165 1966 τὰ
1187 1897 1331 1994 ἀριστερὰ

171 2018 318 2114 ἀριστερὰ
330 2021 519 2112 τούναντίον,
530 2023 604 2089 όταν
619 2025 778 2116 μεταπέσῃ
793 2025 1060 2119 συμπηγνόμενον,
1074 2023 1098 2112 ᾧ
1112 2029 1331 2120 συμπήγνυται

171 2157 254 2240 φῶς·
275 2158 368 2235 τοῦτο
397 2141 443 2235 δὲ,
469 2152 545 2215 όταν
573 2156 592 2224 η
620 2157 681 2216 τῶν
709 2149 893 2243 κατόπτρων
920 2150 1041 2234 λειότης
1065 2151 1145 2233 ἔνθεν
1178 2153 1231 2220 καὶ
1250 2153 1330 2221 ἔνθεν

170 2267 231 2360 ὕψη
251 2264 392 2339 λαθοῦσα
415 2262 465 2338 τό
482 2263 579 2349 δεξιὸν
599 2270 639 2350 εἰς
664 2275 699 2339 τὸ
723 2272 879 2367 ἀριστερὸν
901 2276 991 2368 μέρος
1016 2274 1125 2370 ἀπώσρ
1152 2280 1210 2355 τῆς
1231 2274 1330 2368 ὅψεως

171 2395 222 2462 καὶ
238 2396 363 2486 θάτερον
378 2397 428 2464 ἐπὶ
441 2396 582 2489 θάτερον.
604 2396 699 2464 Κατὰ
719 2389 805 2466 δὲτὸ
825 2409 921 2491 μῆκος
941 2401 1143 2493 στραφὲντοῦ
1160 2407 1329 2496 προσώπου

146 2500 152 2510 ἰ
171 2523 285 2588 ταύτὸν
303 2531 398 2589 τοῦτο
414 2524 525 2601 ὕπτιον
540 2521 663 2596 ἐποίησε
680 2527 741 2590 πᾶν
764 2522 933 2616 φαίνεσθαι,
953 2525 991 2592 τὸ
1010 2524 1098 2592 κάτω
1117 2527 1193 2619 πρὸς
1212 2529 1252 2596 τὸ
1268 2525 1330 2594 ἀνω

172 2656 227 2725 τῆς
247 2649 342 2740 αὐγῆς
358 2647 396 2714 τό
412 2652 440 2713 τ’
462 2643 524 2713 ἀνω
543 2648 620 2740 πρὸς
635 2648 672 2715 τὸ
686 2646 773 2714 κάτω
789 2646 882 2715 πάλιν
903 2649 1044 2717 ἀπῶσαν.
1058 2653 1157 2717 Ταῦτ’
1168 2647 1220 2717 οὖν
1236 2651 1330 2719 πάντ’

171 2774 237 2839 ἔστι
256 2783 316 2840 τῶν
345 2766 516 2856 ξυναιτίων,
541 2768 584 2851 οἷς
603 2771 668 2851 θεὸς
686 2777 870 2866 ὑπηρετοῦσι
899 2785 1014 2868 γρηται
1043 2774 1099 2850 τὴν
1126 2785 1183 2843 τοῦ
1202 2776 1330 2869 ἀρίστου
1384 2829 1387 2833 J

167 2897 255 2989 κατὰ
274 2900 311 2967 τό
329 2890 461 2966 δυνατὸν
479 2890 563 2964 ἰδέαν
581 2897 764 2965 ἀποτελῶν·
786 2887 952 2980 δοξάζεται
968 2891 1003 2966 δὲ
1019 2902 1079 2968 ὑπὸ
1101 2910 1162 2968 τῶν
1175 2892 1331 2970 Ιπλείστων

171 3030 206 3095 οθ
223 3015 374 3112 ξυναίτια,
391 3027 458 3093 ἀλλ’
478 3023 563 3093 αἰτια
578 3021 653 3092 εἶναι
668 3038 730 3093 τῶν
747 3025 885 3111 πάντων,
903 3022 1044 3118 ψύχοντα
1062 3028 1114 3093 καὶ
1128 3025 1331 3119 θερμαίνοντα

171 3155 332 3248 πηγνύντα
346 3178 380 3219 τε
398 3152 451 3218 καὶ
470 3144 636 3243 διαχέοντα
654 3151 706 3218 καὶ
731 3155 789 3219 ὅσα
806 3163 937 3221 τοιαῦτα
965 3147 1208 3248 ἀπεργαζόμενα.
1227 3155 1331 3248 Λόγον

172 3269 207 3345 δὲ
222 3269 332 3343 οὐδένα
347 3267 418 3344 οὐδὲ
434 3286 502 3344 νοῦν
520 3275 560 3356 εἰς
581 3268 669 3344 οὐδὲν
692 3268 812 3344 δυνατὰ
828 3280 906 3370 ἔχειν
926 3276 999 3347 ἐστί.
1019 3280 1090 3345 Τῶν
1113 3275 1171 3371 γὰρ
1192 3276 1333 3366 όντωνῷ
1364 3313 1367 3318 ·

170 3413 239 3470 νοῦν
261 3403 343 3494 μόνῳ
367 3402 498 3470 κτάσθαι
522 3409 686 3497 προσηκοι,
703 3404 830 3471 λεκτέον
856 3402 972 3496 ψυχήν·
995 3414 1090 3472 τοῦτο
1115 3394 1150 3472 δὲ
1170 3405 1330 3498 ἀόρατον,

171 3539 230 3620 πῦρ
247 3521 281 3594 δὲ
301 3532 353 3595 καὶ
372 3518 453 3621 ὕδωρ
476 3528 527 3595 καὶ
549 3528 607 3622 ἀὴρ
624 3529 677 3595 καὶ
694 3539 734 3623 γῆ
751 3532 884 3622 σώματα
899 3535 1003 3597 πάντα
1021 3528 1120 3622 ὁρατὰ
1136 3532 1253 3625 γέγονε.
1269 3533 1333 3599 Τὸν

173 3648 208 3723 δὲ
227 3666 277 3724 νοῦ
305 3655 356 3722 καὶ
380 3658 552 3747 ἐπιστήμης
572 3658 700 3749 ἐραστὴν
730 3656 846 3750 ἀνάγκη
876 3653 934 3735 τὰς
957 3666 1013 3734 τῆς
1044 3661 1192 3751 ἔμφρονος
1214 3659 1332 3751 φάσεως

172 3784 270 3862 αἰτίας
285 3785 411 3877 πρώτας
425 3772 635 3874 μεταδιώκειν,
652 3784 722 3848 όσαι
738 3773 772 3848 δὲ
785 3768 836 3849 ὑπ’
856 3778 958 3848 ἀλλων
975 3785 1171 3875 κινουμένων,
1192 3775 1333 3876 ἕτεραδὲ

172 3904 204 3987 ἐξ
215 3909 349 4002 ἀνάγκης
364 3911 527 3975 κινοόντων
543 3906 712 4002 γίγνονται,
729 3898 888 4000 δευτέρας.
905 3908 1057 3982 Ποιητέον
1074 3900 1113 3983 δὴ
1128 3905 1213 3976 κατίι
1230 3917 1333 3975 ταῦτα

170 4035 223 4102 καὶ
241 4041 332 4127 η’μῒν·
349 4034 462 4101 λεκτέα
481 4035 534 4124 μὲν
554 4033 716 4126 ἀμφότερα
733 4032 774 4100 τὰ
791 4041 853 4101 τῶν
871 4033 975 4102 αἰτιῶν
995 4040 1081 4129 γένη,
1097 4035 1191 4128 χωρὶς
1206 4026 1242 4101 δὲ
1261 4037 1331 4103 ὅσαι

174 4159 250 4253 μετὰ
266 4170 318 4228 νοῦ
331 4164 433 4226 καλῶν
452 4156 505 4225 καὶ
525 4158 646 4252 ἀγαθῶν
664 4153 846 4255 δημιουργοὶ
861 4160 912 4227 καὶ
933 4163 1002 4228 όσαι
1022 4163 1203 4254 μονωθεῖσαι
1215 4165 1332 4254 φρονη-

174 4313 247 4365 οεως
265 4287 302 4352 τὸ
324 4285 418 4376 τυχὸν
443 4279 581 4353 ἀτακτον
610 4286 759 4356 ἑκάστοτε
780 4281 1005 4381 ἐξεργάζονται.
1032 4285 1083 4359 T&
1108 4288 1162 4382 μὲν
1187 4284 1239 4358 οὖν
1268 4298 1331 4357 τῶν
