2790 4770
576 392 620 404 —
650 359 703 421 141
733 391 777 403 -

95 497 188 555 medio
199 496 285 553 radiis
295 494 453 564 attingitur3
466 492 549 566 idque
561 493 597 549 ita
611 493 748 560 tornavit,
770 501 801 548 ut
817 490 885 546 nihil
898 488 970 544 ellici
989 487 1076 561 possit
1089 486 1252 555 rotundius,

96 624 163 682 nibil
174 633 208 682 ut
217 622 375 696 asperitatis
384 621 510 694 haberet,
522 621 591 678 nihil
604 621 775 691 offensionis,
789 619 856 676 nibil
867 617 985 675 incisum
996 616 1113 689 angulis,
1125 615 1192 672 nihil
1203 631 1255 670 an·

99 752 249 822 tractibus,
272 751 339 809 nihil
360 750 501 821 eminens,
523 751 593 808 nihil
610 751 789 820 lacunosum3
812 764 963 822 omnesque
991 755 1084 821 partes
1106 745 1261 803 simillimas

100 882 241 955 omnium,
253 881 328 956 qnod
337 882 395 956 ejus
404 881 664 955 praestabatjudicio
675 878 891 937 dissimilitudini
900 875 1060 934 similitudo.
1070 875 1154 932 Omni
1166 882 1260 931 autem

104 1018 194 1066 totam
205 1010 326 1083 liguram
337 1007 434 1066 mundi
447 1007 567 1066 laevitate
586 1007 788 1065 circumdedit:
802 1024 852 1064 nec
870 1007 944 1063 enim
963 1005 1049 1062 oculis
1069 1004 1182 1076 egebat,
1198 1004 1260 1077 quin

103 1138 171 1195 nibil
184 1144 272 1209 extra,
284 1137 358 1210 quod
371 1137 444 1194 cerni
457 1143 559 1211 posset,
571 1137 699 1194 relictum
711 1145 787 1205 erat3
799 1135 987 1203 necantibus,
1000 1135 1063 1208 qula
1076 1150 1112 1191 ne
1126 1133 1198 1206 quod
1211 1145 1262 1190 au*

104 1269 213 1326 ditetur
222 1267 350 1341 quidem3
363 1281 452 1338 neque
464 1276 544 1324 crant
556 1266 647 1323 anima
664 1265 830 1323 circumfusa
850 1274 974 1323 extrema
996 1263 1113 1334 mundi,
1133 1272 1163 1320 ut
1175 1263 1262 1337 respi-

104 1400 246 1456 rationem
260 1397 432 1471 requircret3
445 1412 496 1454 nec
508 1413 573 1453 voro
585 1395 761 1454 desiderabat
780 1404 829 1452 aut
845 1395 978 1452 alimenta
997 1395 1133 1468 corporis,
1153 1403 1201 1452 aut
1215 1394 1263 1451 de·

105 1529 274 1586 tractionem
284 1526 400 1584 conlecti
409 1528 602 1601 etoonsumpti
612 1528 780 1600 cibi3nequc
794 1526 866 1582 enim
878 1525 932 1582 ulla
943 1524 1065 1583 decessio
1076 1524 1134 1583 fieri
1146 1533 1265 1599 poterat,

106 1673 197 1732 neque
209 1656 350 1715 accessio:
373 1671 462 1729 neque
475 1672 540 1713 vero
552 1664 614 1713 erat
632 1655 715 1712 unde.
731 1657 772 1711 lta
791 1671 821 1712 se
838 1655 895 1727 ipse
916 1626 1128 1728 consumptione
1143 1663 1171 1712 et
1188 1654 1266 1713 senio

107 1787 202 1845 alebat
212 1767 266 1859 sui,¹
279 1801 366 1860 quum
379 1785 436 1858 ipse
449 1801 498 1857 per
509 1800 538 1842 se
550 1791 604 1842 eta
618 1801 646 1842 sc
659 1798 687 1842 et
699 1793 841 1866 pateretur
855 1792 883 1840 et
897 1784 1001 1841 laceret
1013 1783 1118 1839 omnia.
1132 1783 1175 1840 Sic
1191 1781 1265 1840 enim

107 1925 188 1973 ratus
199 1915 307 1985 ostilio,
318 1914 364 1988 qui
376 1913 427 1971 ista
438 1913 532 1988 junxit
544 1922 571 1970 et
582 1913 714 1986 condidit,
728 1913 820 1986 ipsum
832 1929 861 1969 sc
874 1921 1037 1969 contentum
1057 1928 1116 1969 esse
1130 1911 1266 1968 mundum

110 2061 202 2119 neque
213 2043 400 2118 egerealtero.
413 2045 509 2116 Itaque
521 2043 605 2100 nccei
620 2058 720 2100 manus
737 2041 852 2114 affinxit,
867 2042 931 2115 quia
947 2057 999 2098 nec
1010 2042 1176 2115 capiendum
1188 2041 1269 2115 quid·

109 2189 197 2248 quam
209 2181 283 2244 erat,
295 2190 348 2230 nec
359 2172 563 2246 repellendum
577 2187 629 2229 noc
641 2171 737 2245 pedes,
750 2187 801 2229 nec
818 2172 871 2228 alia
890 2172 1016 2229 rnernbra
1023 2213 1032 2242 ,
1053 2172 1151 2244 quibus
1162 2173 1270 2246 ingres·

111 2319 175 2362 sum
187 2319 304 2378 corpore
316 2297 475 2360 sustineret.
496 2304 605 2359 illotum
616 2303 692 2358 euim
708 2302 866 2385 deditqcoelo
886 2319 967 2373 erim,
987 2302 1033 2375 qui
1052 2303 1148 2377 ligurae
1164 2304 1222 2378 ejus
1236 2302 1275 2359 sit

112 2433 287 2506 aptissimus,
302 2431 349 2504 qui
363 2447 434 2488 unus
446 2446 479 2487 ex
490 2401 602 2506 septem
620 2431 742 2488 motibus
753 2440 876 2490 mentem
897 2440 981 2506 atque
1001 2433 1211 2506 intelligentiam
1225 2448 1272 2489 co-

113 2570 222 2626 hiberet
237 2567 370 2624 maximo.
386 2570 485 2639 ltaque
497 2581 551 2623 una
573 2566 752 2624 conversione
764 2576 847 2640 atquc
859 2568 957 2625 cadem
973 2569 1029 2642 ipse
1047 2571 1152 2627 circum
1169 2586 1198 2627 se
1214 2578 1276 2628 tor··

114 2711 216 2778 quatur
227 2711 256 2761 et
267 2702 393 2759 vertitur.
406 2703 459 2760 Sex
476 2711 570 2759 autem
581 2703 703 2777 reliquos
714 2712 807 2761 motus
826 2705 906 2762 abeo
922 2707 1076 2778 separavit3
1093 2706 1187 2779 itaque
1208 2723 1273 2764 cum

115 2835 152 2893 ab
165 2833 243 2890 omni
255 2834 394 2891 erratione
412 2834 548 2892 liberavit.
562 2834 606 2891 Ad
623 2834 696 2893 hauc
712 2836 795 2910 igitur
806 2838 1016 2895 conversionem
1027 2880 1034 2907 ‚
1047 2855 1109 2911 qum
1121 2841 1237 2912 pedibus
1249 2855 1277 2901 et

116 2973 206 3047 gradu
216 2988 272 3029 non
284 2980 387 3045 egeret,
399 2970 571 3045 ingrediendi
583 2972 709 3027 membra
720 2987 776 3028 non
788 2971 873 3030 dedit.
887 2976 955 3030 Haec
966 2977 1042 3032 Deus
1054 2975 1086 3044 is,
1101 2977 1146 3049 qui
1159 2985 1229 3045 erat,
1242 2977 1276 3035 de

118 3108 268 3184 aliquando
278 3111 338 3165 Deo
350 3107 443 3164 luturo
455 3107 592 3180 cogitans,
602 3106 698 3164 laevem
710 3123 775 3165 eum
788 3108 882 3165 effecit
893 3116 920 3164 et
930 3110 1052 3183 nudique
1062 3112 1237 3185 aequabilem,
1250 3121 1277 3169 ot

119 3260 135 3300 a
149 3241 242 3300 modio
254 3240 290 3299 ad
299 3256 439 3318 summum
454 3256 549 3314 parem
560 3248 588 3298 et
599 3241 753 3314 perlectum
765 3252 848 3317 atque
861 3245 1019 3303 absolutum
1033 3263 1066 3303 ex
1083 3247 1217 3304 absolutis
1236 3254 1279 3303 at·

120 3341 324 3451 quoperlectis.
343 3360 477 3432 doiorum
495 3382 590 3431 autem
607 3383 639 3431 ut
650 3375 722 3431 ineo
740 3375 833 3433 medio
851 3377 1006 3446 collocavit,
1019 3379 1058 3436 ita
1073 3396 1122 3453 per
1136 3389 1226 3438 totum
1238 3388 1279 3437 te·

121 3505 229 3577 tendit3
247 3506 348 3564 deinde
364 3523 429 3564 eum
447 3506 632 3564 circumdedit
646 3523 771 3582 corpore,
787 3517 819 3566 et·
832 3509 940 3566 vestivit
951 3512 1135 3583 extrinsecum
1155 3514 1281 3588 coeloque

122 3639 247 3714 solivago
263 3649 291 3697 et
302 3638 414 3696 volubili
433 3639 500 3695 etin
515 3639 612 3696 orbem
627 3640 742 3697 incitato
753 3643 914 3716 complexus
925 3654 977 3714 cst,
993 3646 1069 3719 quod
1082 3661 1176 3703 secum
1188 3645 1282 3719 ipsum

124 3785 240 3853 propter
250 3777 381 3833 virtutem
393 3773 471 3832 facile
480 3789 540 3832 esse
553 3782 656 3847 posset,
669 3791 721 3832 nec
731 3776 901 3836 desideraret
911 3780 1042 3851 alterum,
1053 3782 1119 3839 satis
1131 3783 1182 3840 sibi
1191 3785 1283 3856 ipsum

124 3921 224 3973 uotum
236 3920 265 3970 et
276 3909 422 3968 familiare.
435 3884 480 3968 Sic
491 3914 567 3969 Deus
579 3912 623 3968 ille
635 3921 756 3969 aeternus
768 3912 843 3970 bunc
855 3902 977 3987 perfecte
988 3918 1100 3974 beatum
1115 3921 1205 3976 Deum
1219 3934 1284 3991 pro·

125 4062 239 4121 creavit.
258 4059 310 4118 Sed
323 4058 448 4116 animum
460 4057 536 4116 liaud
549 4059 601 4131 ita,
621 4068 651 4118 ut
664 4059 749 4117 modo
762 4063 848 4120 locuti
861 4080 967 4132 sumus,
981 4074 1041 4123 tum
1053 4066 1186 4139 denique,
1199 4084 1286 4140 quum

126 4212 228 4270 corpus
240 4197 263 4253 ci
278 4194 425 4265 effecisset,
438 4193 591 4264 inchoavit3
604 4211 691 4268 neque
706 4196 779 4253 enim
792 4208 863 4255 essct
876 4207 992 4270 rectum,
1005 4202 1106 4258 nrinori
1120 4218 1215 4276 parere
1227 4221 1287 4262 nra·

126 4328 218 4403 jorem
233 4350 240 4385 ι
252 4327 301 4387 sed
314 4342 364 4384 tros
376 4326 463 4384 multa
475 4326 679 4385 inconsiderate
690 4345 723 4386 ac
735 4338 840 4389 temere
851 4331 982 4391 dicimus.
