2790 4770
562 644 739 722 CAPUT
767 645 836 722 Ill.

153 919 191 963 Itu
211 919 320 965 GRAEGIS
341 919 504 966 NOMINIBUS
526 921 564 966 ΕΤ
585 921 623 965 ΒΕ
653 919 761 966 VERBIS
781 918 899 964 Juncrls
921 918 1064 964 VETERUM
1082 918 1246 965 Ponrtuuu
1280 948 1283 952 -

425 1030 488 1082 QUAE
510 1028 665 1075 Lucullum)
686 1029 762 1072 APUD
783 1026 962 1072 CICERONEM.

157 1241 291 1318 Semper
303 1240 388 1318 apud
402 1242 592 1321 posteriores
607 1248 726 1320 poetas,
740 1243 786 1303 vel
803 1243 946 1321 Augusto
961 1241 1118 1320 principe,
1135 1241 1275 1302 multum

116 1346 266 1428 ponderis
278 1345 390 1408 habuit
402 1347 584 1409 Graecorurn
597 1350 785 1424 auctoritas3
804 1358 836 1411 et
846 1349 911 1429 ipse
921 1349 1083 1429 Virgilius,
1097 1348 1172 1411 licet
1184 1366 1276 1429 asper

115 1458 213 1520 latine
228 1456 381 1536 loquendi
393 1462 533 1528 exactor,
548 1459 695 1536 quaedam
709 1462 841 1534 vetusta,
858 1462 894 1519 ut
908 1476 1004 1536 supra
1016 1457 1167 1532 diximus,
1180 1457 1277 1518 verbu

113 1561 252 1639 admisit,
266 1563 333 1623 imo
348 1561 408 1623 alie
422 1553 534 1642 sponte
547 1564 646 1639 finxit,
663 1563 697 1624 in
709 1565 770 1626 hoc
785 1565 939 1643 proiecto,
957 1569 993 1626 ut
1008 1565 1138 1638 Ennius,
1156 1567 1274 1627 Home-

113 1688 186 1733 rum
196 1676 367 1733 caeterosve
379 1677 563 1750 praestantes
576 1673 704 1752 ingenio
718 1673 845 1735 Graecos
855 1672 1009 1735 imitatus.
1024 1673 1135 1748 Cicero
1151 1677 1272 1748 autem,

114 1781 227 1856 utpote
241 1777 341 1838 Ennio
364 1794 401 1839 ac
425 1779 559 1840 Pacuvio
588 1783 680 1840 aetete
697 1779 838 1857 propior,
858 1779 998 1856 ideoque
1020 1776 1059 1838 ab
1089 1776 1275 1856 alienigenis

115 1885 233 1963 opibus
254 1885 360 1946 minus
375 1886 563 1964 abhorrens,
590 1905 654 1949 nou
677 1888 775 1948 modo
797 1885 990 1964 compositas
1017 1884 1192 1959 dictiones,
1219 1884 1273 1945 sed

113 1991 208 2052 etiam
230 1994 338 2054 Graeca
350 1993 489 2069 nornine,
504 1995 571 2073 jam
586 1999 659 2055 ante
674 1993 706 2054 in
720 1994 861 2074 linguam
873 1993 1007 2052 latinam
1020 1991 1172 2052 translata
1191 2007 1273 2070 pene

114 2104 271 2177 patronus
295 2103 445 2180 suscepit.
477 2103 600 2164 Omisso
614 2103 743 2164 nomine
769 2099 929 2178 Rhetorica
956 2099 1025 2160 haec
1045 2097 1131 2176 apud
1145 2098 1273 2161 Cicero-

112 2226 188 2271 nem
202 2210 287 2289 legas
304 2229 311 2270 :

152 2422 316 2500 Actpcuser
328 2419 504 2504 (Lucilius),
521 2422 666 2495 ἀκιπήσννς.

152 2531 260 2590 AEtbcr
276 2530 467 2607 (Pacuvius),
481 2529 569 2610 αἰθήρ.

158 2638 314 2698 Burburus
332 2636 521 2717 (Pacuvius),
538 2639 678 2720 βάρὸαρος.

155 2745 299 2824 Cblcmpr
315 2745 495 2822 (Caecilius),
507 2745 622 2825 χλαμύς.

153 2852 317 2931 Delphicus
333 2853 506 2932 (Lucilius),
525 2855 622 2932 δελφίν.

152 2963 286 3040 Elepllus
301 2960 474 3041 (Lucilius),
491 2961 594 3041 ἐλέφας.

152 3072 330 3147 Emporium
346 3068 498 3149 (Ennius),
513 3071 648 3151 ἐμπόριον.

154 3176 354 3250 Errlltymcrrro
371 3175 545 3256 (Lucilius),
562 3176 711 3257 ἐνθύμημα.

153 3283 295 3362 Jipbebor
309 3282 507 3364 (Terentius),
524 3286 629 3366 ἔφηίος.

157 3391 279 3452 Genitor
293 3390 333 3470 (l)
345 3390 486 3470 (Allius),
501 3391 623 3472 γενέτωρ.

155 3479 355 3576 Gymnasium
370 3495 544 3576 (Lucilius),
560 3497 716 3574 γυμνάσιον.

154 3603 293 3681 chbous
307 3601 480 3679 (Lucilius),
496 3601 602 3682 λύχνος.

153 3707 296 3767 llucbirrc
311 3706 499 3787 (Pacuvius),
515 3708 633 3784 μηχανή.

1200 3882 1270 3897 ¹¹0⁸·-

145 3991 179 4055 (l)
205 3989 255 4039 Hoc
279 3989 380 4039 verbum
395 3989 420 4037 in
439 4005 484 4037 usu
508 3988 575 4054 prius
596 3989 662 4055 apud
676 3987 773 4037 Latinos
797 3986 877 4045 luisse,
902 4003 976 4052 quam
996 3995 1137 4036 nosceretur
1159 3989 1273 4058 γενέτωρ

111 4074 174 4124 inter
192 4074 309 4140 plurimos
330 4084 432 4124 constat.
448 4095 460 4118 «ν
473 4073 596 4123 Vocubula
620 4089 717 4140 quoque
737 4073 853 4120 nostratia
868 4073 903 4134 (id
921 4072 1060 4137 conjectura
1080 4071 1208 4138 probabile
1223 4078 1273 4141 est)
1310 4080 1315 4087 “

110 4175 124 4208 u
136 4159 215 4208 Tullio
230 4159 278 4207 dici
292 4168 387 4224 possent
403 4180 414 4202 ν
430 4157 498 4207 navis
513 4178 526 4202 ν
537 4168 562 4207 et
576 4179 588 4203 «
602 4158 719 4223 pulmo».
732 4157 789 4206 lude
803 4157 913 4222 sequitur
926 4166 953 4207 ut
967 4157 1057 4206 Graeeis
1071 4156 1212 4207 nominibus
1225 4176 1273 4210 nu·
1311 4180 1315 4201 =

109 4253 164 4294 lura
176 4244 224 4292 siut
238 4243 368 4292 simillima.
1315 4235 1317 4247 '
