2790 4770
683 373 884 436 -290-

202 517 314 593 torque
329 511 463 593 (utcum
486 510 636 575 Cicerone
660 511 731 592 ipso
755 513 881 593 loquar)
901 512 1038 592 judicari
1062 513 1170 576 debet.
1192 514 1256 575 Sua
1275 511 1363 574 enim

200 620 316 699 cuique
330 620 484 682 vocabulo
499 620 543 682 vis
559 625 616 683 est.
631 621 687 683 llle
705 621 815 703 igitur,
831 640 931 703 quum
944 642 1059 686 novam
1078 625 1181 687 verbis
1202 625 1254 686 vel
1268 629 1363 686 antea

199 729 286 800 tritis
297 748 412 793 novam
428 729 695 810 significationem
711 732 811 808 dedit,
836 732 899 795 hoc
920 738 1111 796 consecutus
1132 738 1190 807 est,
1216 737 1264 808 ut,
1290 732 1363 811 ipso

199 850 341 922 auctore,
358 861 439 905 nova
453 839 597 920 scientia,
617 841 765 904 omnibus
782 841 876 905 rebus
891 848 923 906 et
936 843 1098 906 vocabulis
1111 844 1280 918 instructa,
1298 858 1362 903 non

199 953 232 1015 in
246 970 346 1015 unum
359 951 456 1028 diem,
473 952 528 1013 sed
544 951 576 1014 in
592 955 779 1031 perpetuam
791 953 927 1030 polleret
941 971 977 1015 ao
992 953 1110 1033 vigeret
1123 958 1262 1015 aetatem.
1277 952 1362 1032 Ergo

199 1061 280 1124 bene
296 1060 336 1122 de
350 1060 414 1122 suis
428 1057 550 1122 civibus
565 1058 699 1122 meritus
716 1065 774 1138 est,
800 1067 832 1123 et
845 1062 884 1123 ad
903 1077 1014 1125 eorum
1038 1063 1258 1143 cognitionem
1287 1085 1302 1121 u
1314 1062 1362 1125 di-

199 1168 273 1231 vina
287 1164 342 1228 illa
356 1165 484 1245 ingenia
494 1185 524 1242 a,
536 1165 703 1228 Platonem
714 1165 837 1230 scilicet
847 1169 1113 1250 aristotelemque
1122 1169 1359 1244 transferendo,

199 1278 231 1337 ct
248 1272 336 1355 quod
350 1271 491 1352 linguam
505 1273 585 1334 adeo
599 1273 791 1354 locupletem
810 1273 927 1351 effecit,
941 1280 977 1337 ut
989 1274 1039 1354 iis,
1056 1273 1111 1356 qui
1126 1278 1238 1353 postea
1251 1272 1361 1334 Philo-

197 1379 343 1461 sophiam
355 1380 513 1459 explicare
531 1378 659 1456 vellent,
675 1381 781 1443 nullus
799 1401 814 1439 a
828 1382 979 1467 orationis
994 1384 1041 1446 vel
1065 1380 1208 1461 copiosae
1222 1380 1273 1442 vel
1292 1380 1359 1442 ele·

197 1489 299 1570 gantis
322 1493 488 1550 ornatus»
520 1488 654 1549 deesset.
683 1488 762 1550 Nam
790 1488 1020 1569 philosophicae
1047 1487 1284 1567 disputationes
1315 1485 1360 1566 (ut

198 1599 327 1679 scripsit
341 1597 393 1660 'vir
415 1597 593 1659 litterarum
613 1594 835 1678 peritissimus)
851 1596 1012 1677 (llhttico
1036 1596 1108 1658 stilo
1132 1594 1245 1674 magis,
1263 1610 1358 1674 quam

196 1706 366 1782 orationes,
383 1704 511 1785 scriptae
523 1704 680 1766 videntur.
697 1707 776 1780 Una,
794 1705 849 1766 sed
863 1704 1001 1767 maxima
1010 1704 1106 1766 virtus
1116 1703 1206 1782 apud
1218 1700 1357 1763 Tullium

183 1812 475 1894 'philosophantem
491 1812 703 1887 desideratur,
719 1813 773 1875 illa
790 1814 909 1895 quippe
923 1816 1094 1877 verborum
1109 1813 1356 1876 sententiarum·

197 1938 260 2000 que
274 1916 442 1993 subtilitas,
468 1935 576 1998 quam,
598 1917 876 1997 progredientibus
899 1920 1096 1999 temporibus
1123 1937 1159 1981 ac
1186 1911 1356 1992 doctrinis,

196 2031 306 2089 nostra
323 2025 453 2088 tandem
476 2024 608 2086 omnino
630 2025 826 2103 comparavit
846 2033 933 2088 aetas.
948 2026 1063 2088 Omnes
1083 2027 1169 2087 euim
1195 2031 1262 2089 tam
1288 2023 1357 2086 dili-

196 2139 308 2216 genter
324 2134 489 2196 illustratae
502 2136 574 2194 sunt
599 2116 726 2207 scholae,
742 2150 780 2195 ex
796 2151 860 2215 quo
878 2136 1033 2199 Cartesius
1048 2137 1170 2198 clarum
1193 2132 1356 2215 sapientie

196 2242 302 2306 studio
317 2243 425 2302 lumen
437 2241 554 2316 attulit,
569 2248 605 2304 ut
618 2241 652 2302 in
667 2241 762 2303 rebus
778 2243 964 2326 occultisao
985 2245 1112 2325 penitus
1136 2240 1260 2305 abditis
1278 2242 1355 2304 nihil

193 2351 261 2431 jam
273 2345 314 2410 sit
329 2349 415 2427 quod
431 2365 495 2409 non
511 2349 635 2427 planca
656 2346 1070 2432 nostrisinvestigatoribus
1090 2349 1228 2430 intelligi
1251 2354 1355 2430 queat.

195 2456 277 2528 Quas
293 2470 392 2532 quum
406 2452 618 2533 philosophiae
635 2452 831 2532 disciplinas,
852 2460 883 2517 et
901 2472 953 2518 aas
968 2475 1039 2535 quae
1060 2454 1200 2517 maxime
1222 2453 1308 2518 inter
1325 2471 1356 2517 se

195 2564 381 2640 repugnant,
394 2559 440 2621 illi
453 2561 647 2622 contulerint
662 2578 698 2622 ac
711 2559 1132 2647 religiosepxamiuaverint,
1152 2579 1285 2625 necesse
1300 2559 1358 2622 luit

196 2674 231 2731 ut
245 2667 399 2747 cujusque
411 2665 542 2729 rationis
559 2669 794 2731 universitatem
811 2676 842 2732 et
866 2671 989 2750 singula
1004 2675 1287 2750 persequerentur,
1306 2686 1359 2730 ne-

195 2797 257 2860 que
273 2777 447 2858 quidquam
461 2795 526 2838 non
541 2779 723 2851 enodatum,
736 2777 797 2837 nisi
812 2778 844 2837 id
862 2780 947 2858 quod
964 2783 1046 2840 esset
1066 2754 1163 2856 supra
1178 2774 1357 2851 hominem,

196 2888 423 2967 relinquerent.
443 2887 519 2947 lnde
533 2885 652 2947 factum
675 2892 771 2948 estut
789 2887 927 2948 Platonis
948 2892 1002 2948 aut
1016 2883 1146 2947 alterius
1172 2881 1357 2964 philosophi

198 2996 365 3062 sententiae
386 2996 451 3076 jam
471 3012 537 3057 non
559 2995 663 3055 lucem
689 2993 882 3057 desiderent.
909 2997 948 3056 At
972 2991 1117 3056 Ciceroni
1140 3011 1208 3055 non
1233 3009 1359 3071 semper

198 3107 332 3186 contigit
354 3110 389 3167 ut
412 3107 577 3167 Platonem
603 3126 618 3163 u
630 3105 721 3165 illum
741 3122 805 3165 non
820 3102 1019 3182 intelligendi
1043 3103 1160 3176 solum,
1181 3104 1240 3164 sed
1269 3102 1359 3199 etiam

200 3209 327 3281 dictandi
349 3207 567 3296 gravissimum
591 3218 781 3275 auctorem»
798 3218 915 3305 'mente
938 3211 1210 3290 complecteretur
1236 3207 1292 3288 (ἓ).
1314 3210 1361 3268 ln-

201 3501 204 3511 ’
235 3490 270 3552 (1)
286 3486 411 3537 Summum
432 3481 487 3531 dico
501 3479 581 3529 virum
594 3479 689 3529 Villam.
702 3478 802 3537 scilicet,
819 3493 891 3543 quem
904 3477 990 3527 merito
1009 3476 1091 3526 lumen
1105 3474 1248 3525 Academiae
1266 3471 1363 3523 Gallicae

201 3570 368 3643 praedicaveris
388 3585 394 3618 :
415 3576 483 3617 tanta
498 3567 539 3616 ille
552 3565 672 3631 quidquid
686 3580 764 3613 novus
774 3573 901 3629 poetarum
913 3571 955 3612 aut
969 3561 1115 3627 scriptorum
1129 3569 1265 3626 proventus
1279 3558 1360 3611 edidit,

203 3656 362 3715 admiratione
374 3654 518 3719 eloquentiae
530 3650 616 3700 refert!

236 3748 272 3810 (2)
288 3743 313 3793 Si
326 3741 412 3791 Latina
424 3740 509 3788 Gracco
524 3736 655 3802 exemplari
670 3735 810 3785 conteratur
825 3733 1008 3809 interpretatio,
1016 3733 1066 3782 vim
1078 3731 1211 3782 verborum
1227 3741 1253 3782 et
1272 3741 1361 3782 senten.

204 3815 295 3866 tiarum
307 3827 321 3859 a
335 3809 366 3857 Μ.
382 3806 460 3856 Tullio
472 3805 622 3855 intellectam
634 3802 705 3852 fuisse
717 3819 767 3852 nou
781 3803 912 3867 negaveris.
928 3802 949 3850 Α
966 3801 1098 3867 philologo,
1115 3808 1142 3849 ut
1154 3800 1254 3865 opinor,
1272 3813 1362 3849 necesse

203 3929 239 3970 est
251 3916 363 3967 laudetur
376 3909 502 3975 interpres.
518 3905 661 3972 Philosophi
675 3923 731 3955 vero
746 3904 976 3971 reprehensionibus
989 3903 1089 3953 sortasse
1103 3902 1185 3952 locum
1199 3901 1292 3968 aperit,¹
1301 3900 1361 3967 quod

205 4005 308 4057 obscura
325 3996 433 4064 quaedam
452 3992 536 4043 Timaei
555 4009 604 4041 non
622 3991 748 4041 enodatius
764 3990 922 4056 explicaverit
943 4005 991 4039 :ea
1006 3988 1061 4038 dico
1079 4003 1132 4053 quae
1150 3987 1182 4037 ud
1201 3988 1322 4037 rationem
1335 3986 1361 4033 de

206 4082 323 4144 Universo
336 4080 460 4150 propriam
473 4096 501 4129 ac
515 4077 662 4144 peculiarem
671 4074 765 4126 Platoni
780 4075 921 4140 pertinent:
934 4073 1047 4139 ambigua
1059 4082 1094 4123 est
1109 4071 1175 4123 enim
1189 4072 1216 4121 in
1229 4071 1303 4121 rebus
1313 4086 1361 4120 am·

205 4176 282 4243 biguis
294 4167 416 4220 vertendis
428 4164 517 4215 oratio.
531 4164 591 4213 h'am
608 4179 683 4229 quum
697 4161 722 4211 in
738 4160 890 4210 Academicis
909 4160 949 4225 (tl,
969 4161 1010 4220 39)
1031 4167 1242 4209 commemorasset
1256 4157 1360 4206 nicetam

206 4257 371 4328 Syffl‘ffiffim’
385 4250 428 4316 qui
444 4272 456 4294 “
466 4248 554 4311 S⁰le¹¹¹2
570 4248 672 4307 Lunam,
696 4247 783 4308 stellas,
804 4262 889 4310 supera
907 4245 1011 4309 denique
1033 4244 1114 4293 omnia
1131 4253 1195 4293 stare
1207 4265 1219 4287 a
1233 4242 1359 4295 censebam

208 4360 286 4412 neque
299 4350 387 4409 praeter
396 4347 495 4396 terram,
509 4351 560 4383 rem
573 4334 648 4383 ullam
661 4333 687 4381 in
696 4333 788 4382 mundo
798 4331 889 4380 moseri
901 4353 925 4391 »,
939 4330 990 4380 haec
1000 4329 1105 4394 adjecit:
1119 4351 1129 4376 u
1144 4338 1220 4394 atque
1232 4328 1281 4378 hoe
1292 4327 1359 4376 etiam

205 4432 331 4481 Platonem
345 4425 372 4475 iu
383 4422 473 4473 Timaeo
487 4419 568 4470 dicere
582 4418 682 4484 quidam
695 4417 855 4477 arbitrantur,
871 4416 913 4466 sed
926 4415 1009 4483 paullo
1023 4413 1172 4465 obscurius»
1182 4413 1242 4480 (uid.
1253 4411 1278 4463 J,
1293 4411 1321 4461 V,
1334 4408 1360 4458 L.
