<?xml version="1.0" encoding="UTF-8"?>
<!DOCTYPE html PUBLIC "-//W3C//DTD XHTML 1.0 Transitional//EN"
    "http://www.w3.org/TR/xhtml1/DTD/xhtml1-transitional.dtd">
<html xmlns="http://www.w3.org/1999/xhtml" xml:lang="en" lang="en">
 <head>
  <title>
</title>
<meta http-equiv="Content-Type" content="text/html;charset=utf-8" />
  <meta name='ocr-system' content='tesseract 3.04.00' />
  <meta name='ocr-capabilities' content='ocr_page ocr_carea ocr_par ocr_line ocrx_word'/>
</head>
<body>
  <div class='ocr_page' id='page_1' title='image "./demtciceronegrc00clavgoog/demtciceronegrc00clavgoog_0056.png"; bbox 0 0 2790 4770; ppageno 0'>
   <div class='ocr_carea' id='block_1_1' title="bbox 556 316 736 374">
    <p class='ocr_par' dir='ltr' id='par_1_1' title="bbox 556 316 736 374">
     <span class='ocr_line' id='line_1_1' title="bbox 556 316 736 374; baseline 0.022 -18"><span class='ocrx_word' id='word_1_1' title='bbox 556 316 736 374; x_wconf 67' lang='grc' dir='ltr'>,Ἡ-</span> 
     </span>
    </p>
   </div>
   <div class='ocr_carea' id='block_1_2' title="bbox 68 450 1223 640">
    <p class='ocr_par' dir='ltr' id='par_1_2' title="bbox 68 450 1223 640">
     <span class='ocr_line' id='line_1_2' title="bbox 68 450 1223 532; baseline -0.003 -18"><span class='ocrx_word' id='word_1_2' title='bbox 68 450 253 514; x_wconf 83' lang='lat' dir='ltr'>Homericos</span> <span class='ocrx_word' id='word_1_3' title='bbox 269 450 425 513; x_wconf 78' lang='lat' dir='ltr'>dictiones</span> <span class='ocrx_word' id='word_1_4' title='bbox 442 451 483 531; x_wconf 92' lang='lat' dir='ltr'>(l)</span> <span class='ocrx_word' id='word_1_5' title='bbox 499 452 640 514; x_wconf 90' lang='lat' dir='ltr'>versibus</span> <span class='ocrx_word' id='word_1_6' title='bbox 655 454 835 515; x_wconf 83' lang='lat' dir='ltr'>admiscuit.</span> <span class='ocrx_word' id='word_1_7' title='bbox 855 454 936 524; x_wconf 87' lang='lat' dir='ltr'>Quin</span> <span class='ocrx_word' id='word_1_8' title='bbox 956 458 988 515; x_wconf 93' lang='lat' dir='ltr'>et</span> <span class='ocrx_word' id='word_1_9' title='bbox 1000 452 1064 514; x_wconf 94' lang='lat' dir='ltr'>hoc</span> <span class='ocrx_word' id='word_1_10' title='bbox 1076 452 1223 532; x_wconf 80' lang='lat' dir='ltr'>Odysseae</span> 
     </span>
     <span class='ocr_line' id='line_1_3' title="bbox 68 561 418 640; baseline 0 -18"><span class='ocrx_word' id='word_1_11' title='bbox 68 577 200 622; x_wconf 87' lang='lat' dir='ltr'>carmen</span> <span class='ocrx_word' id='word_1_12' title='bbox 207 561 311 640; x_wconf 86' lang='lat' dir='ltr'>junxit</span> <span class='ocrx_word' id='word_1_13' title='bbox 327 561 391 622; x_wconf 92' lang='lat' dir='ltr'>suis</span> <span class='ocrx_word' id='word_1_14' title='bbox 411 581 418 622; x_wconf 92' lang='lat'>:</span> 
     </span>
    </p>
   </div>
   <div class='ocr_carea' id='block_1_3' title="bbox 177 732 1017 838">
    <p class='ocr_par' dir='ltr' id='par_1_3' title="bbox 177 732 1017 838">
     <span class='ocr_line' id='line_1_4' title="bbox 177 732 1017 838; baseline 0 -26"><span class='ocrx_word' id='word_1_15' title='bbox 177 746 240 813; x_wconf 87' lang='grc' dir='ltr'>Καὶ</span> <span class='ocrx_word' id='word_1_16' title='bbox 254 748 348 813; x_wconf 81' lang='grc' dir='ltr'>πᾶσιν</span> <span class='ocrx_word' id='word_1_17' title='bbox 364 745 500 812; x_wconf 79' lang='grc' dir='ltr'>νεκύεσσι</span> <span class='ocrx_word' id='word_1_18' title='bbox 516 744 783 838; x_wconf 70' lang='grc' dir='ltr'>καταφθιμένοισιν</span> <span class='ocrx_word' id='word_1_19' title='bbox 798 745 937 812; x_wconf 80' lang='grc' dir='ltr'>ἀνάσσειν</span> <span class='ocrx_word' id='word_1_20' title='bbox 954 732 1017 836; x_wconf 75' lang='lat' dir='ltr'>(a)</span> 
     </span>
    </p>
   </div>
   <div class='ocr_carea' id='block_1_4' title="bbox 62 940 1307 2097">
    <p class='ocr_par' dir='ltr' id='par_1_4' title="bbox 62 940 1307 2097">
     <span class='ocr_line' id='line_1_5' title="bbox 65 940 1307 1021; baseline 0.001 -19"><span class='ocrx_word' id='word_1_21' title='bbox 65 943 108 1004; x_wconf 81' lang='lat' dir='ltr'>At</span> <span class='ocrx_word' id='word_1_22' title='bbox 121 958 196 1017; x_wconf 89' lang='lat' dir='ltr'>mox</span> <span class='ocrx_word' id='word_1_23' title='bbox 211 940 316 1003; x_wconf 85' lang='lat' dir='ltr'>illuxit</span> <span class='ocrx_word' id='word_1_24' title='bbox 326 941 478 1020; x_wconf 90' lang='lat' dir='ltr'>praeclara</span> <span class='ocrx_word' id='word_1_25' title='bbox 492 941 545 1001; x_wconf 94' lang='lat' dir='ltr'>illa</span> <span class='ocrx_word' id='word_1_26' title='bbox 560 942 690 1001; x_wconf 77' lang='lat' dir='ltr'>Caesaris</span> <span class='ocrx_word' id='word_1_27' title='bbox 703 940 837 1020; x_wconf 77' lang='lat' dir='ltr'>Augusti</span> <span class='ocrx_word' id='word_1_28' title='bbox 853 948 927 1001; x_wconf 89' lang='lat' dir='ltr'>aetas</span> <span class='ocrx_word' id='word_1_29' title='bbox 933 957 944 1018; x_wconf 79' lang='lat'><em>3</em></span> <span class='ocrx_word' id='word_1_30' title='bbox 960 941 1135 1021; x_wconf 91' lang='lat' dir='ltr'>studiisque</span> <span class='ocrx_word' id='word_1_31' title='bbox 1150 959 1227 1003; x_wconf 90' lang='lat' dir='ltr'>con·</span> <span class='ocrx_word' id='word_1_32' title='bbox 1304 1014 1307 1021; x_wconf 24' lang='lat'><strong><em>¹</em></strong></span> 
     </span>
     <span class='ocr_line' id='line_1_6' title="bbox 65 1047 1226 1129; baseline 0 -21"><span class='ocrx_word' id='word_1_33' title='bbox 65 1047 164 1109; x_wconf 89' lang='lat' dir='ltr'>versis</span> <span class='ocrx_word' id='word_1_34' title='bbox 178 1050 275 1126; x_wconf 79' lang='lat' dir='ltr'>(quod</span> <span class='ocrx_word' id='word_1_35' title='bbox 289 1064 417 1110; x_wconf 88' lang='lat' dir='ltr'>necesse</span> <span class='ocrx_word' id='word_1_36' title='bbox 437 1048 496 1109; x_wconf 87' lang='lat' dir='ltr'>fuit</span> <span class='ocrx_word' id='word_1_37' title='bbox 513 1066 613 1128; x_wconf 90' lang='lat' dir='ltr'>quum</span> <span class='ocrx_word' id='word_1_38' title='bbox 630 1048 698 1129; x_wconf 87' lang='lat' dir='ltr'>jam</span> <span class='ocrx_word' id='word_1_39' title='bbox 714 1048 824 1126; x_wconf 91' lang='lat' dir='ltr'>purior</span> <span class='ocrx_word' id='word_1_40' title='bbox 848 1053 880 1109; x_wconf 92' lang='lat' dir='ltr'>et</span> <span class='ocrx_word' id='word_1_41' title='bbox 903 1047 1101 1109; x_wconf 85' lang='lat' dir='ltr'>emendatior</span> <span class='ocrx_word' id='word_1_42' title='bbox 1116 1049 1226 1123; x_wconf 80' lang='lat' dir='ltr'>llueret</span> 
     </span>
     <span class='ocr_line' id='line_1_7' title="bbox 67 1156 1222 1239; baseline -0.002 -19"><span class='ocrx_word' id='word_1_43' title='bbox 67 1158 182 1239; x_wconf 89' lang='lat' dir='ltr'>oratio)</span> <span class='ocrx_word' id='word_1_44' title='bbox 196 1159 334 1220; x_wconf 84' lang='lat' dir='ltr'>eGraeco</span> <span class='ocrx_word' id='word_1_45' title='bbox 346 1157 434 1219; x_wconf 84' lang='lat' dir='ltr'>fonte</span> <span class='ocrx_word' id='word_1_46' title='bbox 450 1157 549 1218; x_wconf 86' lang='lat' dir='ltr'>Latini</span> <span class='ocrx_word' id='word_1_47' title='bbox 566 1157 661 1219; x_wconf 84' lang='lat' dir='ltr'>verba</span> <span class='ocrx_word' id='word_1_48' title='bbox 672 1156 798 1235; x_wconf 91' lang='lat' dir='ltr'>parcius</span> <span class='ocrx_word' id='word_1_49' title='bbox 812 1157 1006 1221; x_wconf 89' lang='lat' dir='ltr'>hauserunt:</span> <span class='ocrx_word' id='word_1_50' title='bbox 1025 1158 1120 1219; x_wconf 93' lang='lat' dir='ltr'>verba</span> <span class='ocrx_word' id='word_1_51' title='bbox 1136 1159 1222 1232; x_wconf 89' lang='lat' dir='ltr'>dico;</span> 
     </span>
     <span class='ocr_line' id='line_1_8' title="bbox 66 1263 1222 1344; baseline -0.003 -17"><span class='ocrx_word' id='word_1_52' title='bbox 66 1284 141 1328; x_wconf 89' lang='lat' dir='ltr'>nam</span> <span class='ocrx_word' id='word_1_53' title='bbox 157 1265 183 1326; x_wconf 93' lang='lat' dir='ltr'>si</span> <span class='ocrx_word' id='word_1_54' title='bbox 199 1263 428 1327; x_wconf 90' lang='lat' dir='ltr'>sententiarum</span> <span class='ocrx_word' id='word_1_55' title='bbox 444 1264 713 1326; x_wconf 79' lang='lat' dir='ltr'>conformationes</span> <span class='ocrx_word' id='word_1_56' title='bbox 726 1270 758 1327; x_wconf 90' lang='lat' dir='ltr'>et</span> <span class='ocrx_word' id='word_1_57' title='bbox 771 1264 855 1344; x_wconf 88' lang='lat' dir='ltr'>ipsas</span> <span class='ocrx_word' id='word_1_58' title='bbox 867 1266 1044 1327; x_wconf 88' lang='lat' dir='ltr'>locutiones</span> <span class='ocrx_word' id='word_1_59' title='bbox 1058 1263 1222 1344; x_wconf 84' lang='lat' dir='ltr'>respicias,</span> 
     </span>
     <span class='ocr_line' id='line_1_9' title="bbox 67 1365 1298 1451; baseline -0.004 -15"><span class='ocrx_word' id='word_1_60' title='bbox 67 1377 154 1436; x_wconf 93' lang='lat' dir='ltr'>nullo</span> <span class='ocrx_word' id='word_1_61' title='bbox 170 1391 245 1435; x_wconf 89' lang='lat' dir='ltr'>sane</span> <span class='ocrx_word' id='word_1_62' title='bbox 266 1371 299 1432; x_wconf 89' lang='lat' dir='ltr'>in</span> <span class='ocrx_word' id='word_1_63' title='bbox 320 1373 434 1434; x_wconf 90' lang='lat' dir='ltr'>saeculo</span> <span class='ocrx_word' id='word_1_64' title='bbox 457 1373 549 1450; x_wconf 93' lang='lat' dir='ltr'>plura</span> <span class='ocrx_word' id='word_1_65' title='bbox 570 1371 686 1433; x_wconf 84' lang='lat' dir='ltr'>Graecis</span> <span class='ocrx_word' id='word_1_66' title='bbox 707 1373 882 1433; x_wconf 86' lang='lat' dir='ltr'>Romanam</span> <span class='ocrx_word' id='word_1_67' title='bbox 904 1373 1052 1451; x_wconf 86' lang='lat' dir='ltr'>poeticen</span> <span class='ocrx_word' id='word_1_68' title='bbox 1076 1372 1224 1433; x_wconf 90' lang='lat' dir='ltr'>debuisse</span> <span class='ocrx_word' id='word_1_69' title='bbox 1295 1365 1298 1373; x_wconf 84' lang='grc'><strong>’</strong></span> 
     </span>
     <span class='ocr_line' id='line_1_10' title="bbox 65 1467 1223 1552; baseline -0.003 -8"><span class='ocrx_word' id='word_1_70' title='bbox 65 1480 227 1544; x_wconf 85' lang='lat' dir='ltr'>fateberis.</span> <span class='ocrx_word' id='word_1_71' title='bbox 244 1482 325 1552; x_wconf 84' lang='lat' dir='ltr'>Quot</span> <span class='ocrx_word' id='word_1_72' title='bbox 338 1481 424 1542; x_wconf 93' lang='lat' dir='ltr'>enim</span> <span class='ocrx_word' id='word_1_73' title='bbox 437 1480 470 1541; x_wconf 95' lang='lat' dir='ltr'>in</span> <span class='ocrx_word' id='word_1_74' title='bbox 483 1478 605 1542; x_wconf 87' lang='lat' dir='ltr'>Horatii</span> <span class='ocrx_word' id='word_1_75' title='bbox 619 1479 815 1542; x_wconf 88' lang='lat' dir='ltr'>carminibus</span> <span class='ocrx_word' id='word_1_76' title='bbox 829 1481 1085 1543; x_wconf 87' lang='lat' dir='ltr'>constructiones</span> <span class='ocrx_word' id='word_1_77' title='bbox 1098 1467 1223 1543; x_wconf 83' lang='lat' dir='ltr'>Graecas</span> 
     </span>
     <span class='ocr_line' id='line_1_11' title="bbox 65 1587 1224 1670; baseline -0.003 -18"><span class='ocrx_word' id='word_1_78' title='bbox 65 1595 215 1652; x_wconf 88' lang='lat' dir='ltr'>accurata</span> <span class='ocrx_word' id='word_1_79' title='bbox 232 1588 386 1668; x_wconf 87' lang='lat' dir='ltr'>perspicit</span> <span class='ocrx_word' id='word_1_80' title='bbox 400 1587 636 1668; x_wconf 88' lang='lat' dir='ltr'>interpretatiol</span> <span class='ocrx_word' id='word_1_81' title='bbox 652 1589 735 1661; x_wconf 83' lang='lat' dir='ltr'>Quot</span> <span class='ocrx_word' id='word_1_82' title='bbox 748 1606 863 1650; x_wconf 89' lang='lat' dir='ltr'>novem</span> <span class='ocrx_word' id='word_1_83' title='bbox 876 1589 1064 1670; x_wconf 86' lang='lat' dir='ltr'>Lyricorum</span> <span class='ocrx_word' id='word_1_84' title='bbox 1078 1588 1224 1650; x_wconf 88' lang='lat' dir='ltr'>membra</span> 
     </span>
     <span class='ocr_line' id='line_1_12' title="bbox 65 1697 1223 1777; baseline -0.003 -17"><span class='ocrx_word' id='word_1_85' title='bbox 65 1700 99 1761; x_wconf 92' lang='lat' dir='ltr'>in</span> <span class='ocrx_word' id='word_1_86' title='bbox 122 1700 237 1762; x_wconf 89' lang='lat' dir='ltr'>eodem</span> <span class='ocrx_word' id='word_1_87' title='bbox 256 1699 476 1760; x_wconf 88' lang='lat' dir='ltr'>inveniunturl</span> <span class='ocrx_word' id='word_1_88' title='bbox 498 1697 543 1761; x_wconf 90' lang='lat' dir='ltr'>ita</span> <span class='ocrx_word' id='word_1_89' title='bbox 562 1701 615 1773; x_wconf 90' lang='lat' dir='ltr'>ut,</span> <span class='ocrx_word' id='word_1_90' title='bbox 642 1697 667 1757; x_wconf 92' lang='lat' dir='ltr'>si</span> <span class='ocrx_word' id='word_1_91' title='bbox 695 1702 809 1759; x_wconf 90' lang='lat' dir='ltr'>cuncta</span> <span class='ocrx_word' id='word_1_92' title='bbox 827 1697 1013 1777; x_wconf 87' lang='lat' dir='ltr'>integraque</span> <span class='ocrx_word' id='word_1_93' title='bbox 1038 1697 1223 1777; x_wconf 88' lang='lat' dir='ltr'>Lyricorum</span> 
     </span>
     <span class='ocr_line' id='line_1_13' title="bbox 65 1801 1224 1885; baseline -0.004 -17"><span class='ocrx_word' id='word_1_94' title='bbox 65 1824 164 1885; x_wconf 87' lang='lat' dir='ltr'>opera</span> <span class='ocrx_word' id='word_1_95' title='bbox 186 1804 278 1867; x_wconf 92' lang='lat' dir='ltr'>nobis</span> <span class='ocrx_word' id='word_1_96' title='bbox 302 1802 485 1867; x_wconf 86' lang='lat' dir='ltr'>tradidisset</span> <span class='ocrx_word' id='word_1_97' title='bbox 507 1801 700 1883; x_wconf 82' lang='lat' dir='ltr'>Antiquitas,</span> <span class='ocrx_word' id='word_1_98' title='bbox 725 1803 957 1866; x_wconf 86' lang='lat' dir='ltr'>essetlortasse</span> <span class='ocrx_word' id='word_1_99' title='bbox 982 1803 1160 1882; x_wconf 88' lang='lat' dir='ltr'>periculum</span> <span class='ocrx_word' id='word_1_100' title='bbox 1185 1821 1224 1863; x_wconf 88' lang='lat' dir='ltr'>ne</span> 
     </span>
     <span class='ocr_line' id='line_1_14' title="bbox 63 1906 1222 1990; baseline -0.004 -17"><span class='ocrx_word' id='word_1_101' title='bbox 63 1911 198 1973; x_wconf 87' lang='lat' dir='ltr'>Flaccus</span> <span class='ocrx_word' id='word_1_102' title='bbox 212 1909 296 1971; x_wconf 94' lang='lat' dir='ltr'>haud</span> <span class='ocrx_word' id='word_1_103' title='bbox 312 1926 459 1988; x_wconf 83' lang='lat' dir='ltr'>magnam</span> <span class='ocrx_word' id='word_1_104' title='bbox 477 1908 508 1969; x_wconf 93' lang='lat' dir='ltr'>in</span> <span class='ocrx_word' id='word_1_105' title='bbox 521 1914 645 1987; x_wconf 89' lang='lat' dir='ltr'>partem</span> <span class='ocrx_word' id='word_1_106' title='bbox 667 1929 681 1967; x_wconf 81' lang='grc' dir='ltr'>ο</span> <span class='ocrx_word' id='word_1_107' title='bbox 694 1909 839 1990; x_wconf 86' lang='lat' dir='ltr'>erigendi</span> <span class='ocrx_word' id='word_1_108' title='bbox 854 1906 1081 1970; x_wconf 84' lang='lat' dir='ltr'>monumenti»</span> <span class='ocrx_word' id='word_1_109' title='bbox 1101 1907 1222 1969; x_wconf 85' lang='lat' dir='ltr'>venisse</span> 
     </span>
     <span class='ocr_line' id='line_1_15' title="bbox 62 2011 1256 2097; baseline -0.007 -17"><span class='ocrx_word' id='word_1_110' title='bbox 62 2018 260 2091; x_wconf 83' lang='lat' dir='ltr'>crederetur,</span> <span class='ocrx_word' id='word_1_111' title='bbox 275 2034 312 2078; x_wconf 91' lang='lat' dir='ltr'>ac</span> <span class='ocrx_word' id='word_1_112' title='bbox 327 2018 366 2079; x_wconf 93' lang='lat' dir='ltr'>de</span> <span class='ocrx_word' id='word_1_113' title='bbox 381 2017 436 2078; x_wconf 91' lang='lat' dir='ltr'>illo</span> <span class='ocrx_word' id='word_1_114' title='bbox 449 2017 507 2079; x_wconf 90' lang='lat' dir='ltr'>hos</span> <span class='ocrx_word' id='word_1_115' title='bbox 522 2035 638 2088; x_wconf 85' lang='lat' dir='ltr'>versus,</span> <span class='ocrx_word' id='word_1_116' title='bbox 654 2036 734 2097; x_wconf 92' lang='lat' dir='ltr'>quos</span> <span class='ocrx_word' id='word_1_117' title='bbox 748 2020 788 2079; x_wconf 94' lang='lat' dir='ltr'>de</span> <span class='ocrx_word' id='word_1_118' title='bbox 801 2015 966 2078; x_wconf 92' lang='lat' dir='ltr'>cornicula</span> <span class='ocrx_word' id='word_1_119' title='bbox 981 2012 1117 2093; x_wconf 90' lang='lat' dir='ltr'>scripsit,</span> <span class='ocrx_word' id='word_1_120' title='bbox 1131 2011 1223 2074; x_wconf 91' lang='lat' dir='ltr'>dicti·</span> <span class='ocrx_word' id='word_1_121' title='bbox 1253 2012 1256 2017; x_wconf 54' lang='lat'><strong>⁴</strong></span> 
     </span>
    </p>
   </div>
   <div class='ocr_carea' id='block_1_5' title="bbox 62 2127 329 2206">
    <p class='ocr_par' dir='ltr' id='par_1_5' title="bbox 62 2127 329 2206">
     <span class='ocr_line' id='line_1_16' title="bbox 62 2127 329 2206; baseline -0.015 -15"><span class='ocrx_word' id='word_1_122' title='bbox 62 2134 170 2191; x_wconf 88' lang='lat' dir='ltr'>tarent</span> <span class='ocrx_word' id='word_1_123' title='bbox 183 2127 329 2206; x_wconf 85' lang='lat' dir='ltr'>maligni,</span> 
     </span>
    </p>
   </div>
   <div class='ocr_carea' id='block_1_6' title="bbox 259 2314 944 2566">
    <p class='ocr_par' dir='ltr' id='par_1_6' title="bbox 259 2314 944 2566">
     <span class='ocr_line' id='line_1_17' title="bbox 259 2314 867 2387; baseline -0.005 -14"><span class='ocrx_word' id='word_1_124' title='bbox 259 2318 301 2373; x_wconf 87' lang='lat' dir='ltr'>Ne</span> <span class='ocrx_word' id='word_1_125' title='bbox 315 2315 338 2371; x_wconf 87' lang='lat' dir='ltr'>si</span> <span class='ocrx_word' id='word_1_126' title='bbox 352 2314 423 2373; x_wconf 88' lang='lat' dir='ltr'>lorte</span> <span class='ocrx_word' id='word_1_127' title='bbox 437 2331 501 2372; x_wconf 89' lang='lat' dir='ltr'>suas</span> <span class='ocrx_word' id='word_1_128' title='bbox 513 2317 663 2387; x_wconf 86' lang='lat' dir='ltr'>repetitum</span> <span class='ocrx_word' id='word_1_129' title='bbox 678 2315 784 2372; x_wconf 86' lang='lat' dir='ltr'>venerit</span> <span class='ocrx_word' id='word_1_130' title='bbox 797 2314 867 2371; x_wconf 92' lang='lat' dir='ltr'>olim</span> 
     </span>
     <span class='ocr_line' id='line_1_18' title="bbox 260 2403 944 2477; baseline -0.001 -16"><span class='ocrx_word' id='word_1_131' title='bbox 260 2419 326 2477; x_wconf 83' lang='lat' dir='ltr'>grex</span> <span class='ocrx_word' id='word_1_132' title='bbox 338 2403 429 2461; x_wconf 85' lang='lat' dir='ltr'>avium</span> <span class='ocrx_word' id='word_1_133' title='bbox 445 2405 561 2476; x_wconf 89' lang='lat' dir='ltr'>plumas,</span> <span class='ocrx_word' id='word_1_134' title='bbox 576 2414 687 2462; x_wconf 86' lang='lat' dir='ltr'>moveat</span> <span class='ocrx_word' id='word_1_135' title='bbox 701 2404 843 2462; x_wconf 88' lang='lat' dir='ltr'>cornicula</span> <span class='ocrx_word' id='word_1_136' title='bbox 856 2404 944 2461; x_wconf 87' lang='lat' dir='ltr'>risum</span> 
     </span>
     <span class='ocr_line' id='line_1_19' title="bbox 260 2491 687 2566; baseline 0.007 -18"><span class='ocrx_word' id='word_1_137' title='bbox 260 2491 368 2550; x_wconf 87' lang='lat' dir='ltr'>lurtlvis</span> <span class='ocrx_word' id='word_1_138' title='bbox 377 2492 480 2550; x_wconf 82' lang='lat' dir='ltr'>nudata</span> <span class='ocrx_word' id='word_1_139' title='bbox 493 2494 631 2551; x_wconf 88' lang='lat' dir='ltr'>coloribus</span> <span class='ocrx_word' id='word_1_140' title='bbox 640 2496 687 2566; x_wconf 78' lang='lat'>(3).</span> 
     </span>
    </p>
   </div>
   <div class='ocr_carea' id='block_1_7' title="bbox 56 2661 1226 3280">
    <p class='ocr_par' dir='ltr' id='par_1_7' title="bbox 56 2661 1226 3153">
     <span class='ocr_line' id='line_1_20' title="bbox 59 2661 1226 2745; baseline -0.003 -21"><span class='ocrx_word' id='word_1_141' title='bbox 59 2662 117 2724; x_wconf 92' lang='lat' dir='ltr'>lsti</span> <span class='ocrx_word' id='word_1_142' title='bbox 130 2666 238 2724; x_wconf 90' lang='lat' dir='ltr'>tamen</span> <span class='ocrx_word' id='word_1_143' title='bbox 253 2661 287 2722; x_wconf 93' lang='lat' dir='ltr'>in</span> <span class='ocrx_word' id='word_1_144' title='bbox 305 2679 413 2723; x_wconf 89' lang='lat' dir='ltr'>errore</span> <span class='ocrx_word' id='word_1_145' title='bbox 434 2679 548 2742; x_wconf 83' lang='lat' dir='ltr'>magno</span> <span class='ocrx_word' id='word_1_146' title='bbox 570 2669 783 2740; x_wconf 88' lang='lat' dir='ltr'>versarentur;</span> <span class='ocrx_word' id='word_1_147' title='bbox 808 2664 905 2743; x_wconf 88' lang='lat' dir='ltr'>idque</span> <span class='ocrx_word' id='word_1_148' title='bbox 926 2663 1121 2745; x_wconf 83' lang='lat' dir='ltr'>argumentis</span> <span class='ocrx_word' id='word_1_149' title='bbox 1146 2679 1226 2740; x_wconf 79' lang='lat' dir='ltr'>pro.</span> 
     </span>
     <span class='ocr_line' id='line_1_21' title="bbox 59 2769 1218 2853; baseline -0.002 -22"><span class='ocrx_word' id='word_1_150' title='bbox 59 2770 204 2831; x_wconf 91' lang='lat' dir='ltr'>bandum</span> <span class='ocrx_word' id='word_1_151' title='bbox 220 2769 395 2849; x_wconf 85' lang='lat' dir='ltr'>aggrediar,</span> <span class='ocrx_word' id='word_1_152' title='bbox 413 2787 514 2849; x_wconf 92' lang='lat' dir='ltr'>quum</span> <span class='ocrx_word' id='word_1_153' title='bbox 529 2770 569 2832; x_wconf 94' lang='lat' dir='ltr'>de</span> <span class='ocrx_word' id='word_1_154' title='bbox 590 2773 718 2834; x_wconf 88' lang='lat' dir='ltr'>Marone</span> <span class='ocrx_word' id='word_1_155' title='bbox 740 2790 777 2834; x_wconf 92' lang='lat' dir='ltr'>ac</span> <span class='ocrx_word' id='word_1_156' title='bbox 793 2773 919 2846; x_wconf 84' lang='lat' dir='ltr'>Flacco,</span> <span class='ocrx_word' id='word_1_157' title='bbox 944 2773 1000 2853; x_wconf 93' lang='lat' dir='ltr'>qui</span> <span class='ocrx_word' id='word_1_158' title='bbox 1020 2771 1162 2850; x_wconf 84' lang='lat' dir='ltr'>linguam</span> <span class='ocrx_word' id='word_1_159' title='bbox 1181 2785 1218 2830; x_wconf 91' lang='lat' dir='ltr'>ac</span> 
     </span>
     <span class='ocr_line' id='line_1_22' title="bbox 58 2876 1217 2960; baseline -0.001 -20"><span class='ocrx_word' id='word_1_160' title='bbox 58 2876 328 2940; x_wconf 87' lang='lat' dir='ltr'>versificationem</span> <span class='ocrx_word' id='word_1_161' title='bbox 343 2876 533 2956; x_wconf 88' lang='lat' dir='ltr'>politissima</span> <span class='ocrx_word' id='word_1_162' title='bbox 547 2884 614 2940; x_wconf 89' lang='lat' dir='ltr'>arte</span> <span class='ocrx_word' id='word_1_163' title='bbox 635 2881 847 2958; x_wconf 84' lang='lat' dir='ltr'>perfecerunt,</span> <span class='ocrx_word' id='word_1_164' title='bbox 868 2879 1028 2960; x_wconf 89' lang='lat' dir='ltr'>inquiram</span> <span class='ocrx_word' id='word_1_165' title='bbox 1049 2884 1080 2942; x_wconf 90' lang='lat' dir='ltr'>et</span> <span class='ocrx_word' id='word_1_166' title='bbox 1094 2879 1162 2957; x_wconf 85' lang='lat' dir='ltr'>ipse</span> <span class='ocrx_word' id='word_1_167' title='bbox 1177 2896 1217 2939; x_wconf 91' lang='lat' dir='ltr'>an</span> 
     </span>
     <span class='ocr_line' id='line_1_23' title="bbox 59 2984 1214 3066; baseline 0 -21"><span class='ocrx_word' id='word_1_168' title='bbox 59 2987 195 3063; x_wconf 89' lang='lat' dir='ltr'>uterque</span> <span class='ocrx_word' id='word_1_169' title='bbox 210 2984 257 3045; x_wconf 89' lang='lat' dir='ltr'>vel</span> <span class='ocrx_word' id='word_1_170' title='bbox 271 2984 425 3046; x_wconf 90' lang='lat' dir='ltr'>imitando</span> <span class='ocrx_word' id='word_1_171' title='bbox 440 2985 606 3064; x_wconf 90' lang='lat' dir='ltr'>proprium</span> <span class='ocrx_word' id='word_1_172' title='bbox 621 2986 740 3066; x_wconf 84' lang='lat' dir='ltr'>ingenii</span> <span class='ocrx_word' id='word_1_173' title='bbox 755 2988 896 3050; x_wconf 87' lang='lat' dir='ltr'>colorem</span> <span class='ocrx_word' id='word_1_174' title='bbox 914 2987 1051 3050; x_wconf 85' lang='lat' dir='ltr'>retinere</span> <span class='ocrx_word' id='word_1_175' title='bbox 1066 2985 1214 3066; x_wconf 86' lang='lat' dir='ltr'>potuerit.</span> 
     </span>
     <span class='ocr_line' id='line_1_24' title="bbox 56 3069 945 3153; baseline -0.001 -1"><span class='ocrx_word' id='word_1_176' title='bbox 56 3089 124 3152; x_wconf 89' lang='lat' dir='ltr'>Sed</span> <span class='ocrx_word' id='word_1_177' title='bbox 140 3089 258 3151; x_wconf 89' lang='lat' dir='ltr'>adrem</span> <span class='ocrx_word' id='word_1_178' title='bbox 274 3089 381 3153; x_wconf 87' lang='lat' dir='ltr'>redeo.</span> <span class='ocrx_word' id='word_1_179' title='bbox 569 3069 584 3078; x_wconf 29' lang='lat'>&#39;³</span> <span class='ocrx_word' id='word_1_180' title='bbox 943 3092 945 3096; x_wconf 83' lang='lat'>&#39;</span> 
     </span>
    </p>

    <p class='ocr_par' dir='ltr' id='par_1_8' title="bbox 99 3197 1218 3280">
     <span class='ocr_line' id='line_1_25' title="bbox 99 3197 1218 3280; baseline 0.003 -24"><span class='ocrx_word' id='word_1_181' title='bbox 99 3197 260 3259; x_wconf 89' lang='lat' dir='ltr'>Hactenus</span> <span class='ocrx_word' id='word_1_182' title='bbox 274 3202 416 3260; x_wconf 88' lang='lat' dir='ltr'>veterum</span> <span class='ocrx_word' id='word_1_183' title='bbox 433 3204 601 3279; x_wconf 91' lang='lat' dir='ltr'>poetarum</span> <span class='ocrx_word' id='word_1_184' title='bbox 623 3199 772 3280; x_wconf 90' lang='lat' dir='ltr'>reliquias</span> <span class='ocrx_word' id='word_1_185' title='bbox 791 3200 851 3262; x_wconf 88' lang='lat' dir='ltr'>hac</span> <span class='ocrx_word' id='word_1_186' title='bbox 872 3206 996 3262; x_wconf 89' lang='lat' dir='ltr'>tantum</span> <span class='ocrx_word' id='word_1_187' title='bbox 1016 3205 1123 3262; x_wconf 90' lang='lat' dir='ltr'>mente</span> <span class='ocrx_word' id='word_1_188' title='bbox 1147 3217 1218 3277; x_wconf 74' lang='lat' dir='ltr'>per</span> 
     </span>
    </p>
   </div>
   <div class='ocr_carea' id='block_1_8' title="bbox 53 3307 1215 3601">
    <p class='ocr_par' dir='ltr' id='par_1_9' title="bbox 53 3307 1215 3601">
     <span class='ocr_line' id='line_1_26' title="bbox 56 3307 1215 3390; baseline 0.003 -21"><span class='ocrx_word' id='word_1_189' title='bbox 56 3307 182 3381; x_wconf 88' lang='lat' dir='ltr'>censui,</span> <span class='ocrx_word' id='word_1_190' title='bbox 200 3311 235 3367; x_wconf 89' lang='lat' dir='ltr'>ut</span> <span class='ocrx_word' id='word_1_191' title='bbox 249 3307 520 3388; x_wconf 88' lang='lat' dir='ltr'>interpretationis</span> <span class='ocrx_word' id='word_1_192' title='bbox 542 3311 683 3389; x_wconf 84' lang='lat' dir='ltr'>vestigia,</span> <span class='ocrx_word' id='word_1_193' title='bbox 704 3311 729 3370; x_wconf 92' lang='lat' dir='ltr'>si</span> <span class='ocrx_word' id='word_1_194' title='bbox 759 3329 822 3390; x_wconf 92' lang='lat' dir='ltr'>qua</span> <span class='ocrx_word' id='word_1_195' title='bbox 842 3316 958 3388; x_wconf 91' lang='lat' dir='ltr'>essent,</span> <span class='ocrx_word' id='word_1_196' title='bbox 978 3311 1144 3373; x_wconf 81' lang='lat' dir='ltr'>m&#39;auileste</span> <span class='ocrx_word' id='word_1_197' title='bbox 1159 3312 1215 3372; x_wconf 95' lang='lat' dir='ltr'>de-</span> 
     </span>
     <span class='ocr_line' id='line_1_27' title="bbox 54 3411 1215 3499; baseline 0.005 -27"><span class='ocrx_word' id='word_1_198' title='bbox 54 3411 309 3492; x_wconf 65' lang='lat' dir='ltr'>prehenderem</span> <span class='ocrx_word' id='word_1_199' title='bbox 331 3416 467 3488; x_wconf 92' lang='lat' dir='ltr'>arduum</span> <span class='ocrx_word' id='word_1_200' title='bbox 488 3432 563 3476; x_wconf 90' lang='lat' dir='ltr'>sane</span> <span class='ocrx_word' id='word_1_201' title='bbox 582 3434 662 3494; x_wconf 93' lang='lat' dir='ltr'>opus</span> <span class='ocrx_word' id='word_1_202' title='bbox 686 3415 846 3494; x_wconf 89' lang='lat' dir='ltr'>suscipere</span> <span class='ocrx_word' id='word_1_203' title='bbox 868 3437 974 3496; x_wconf 75' lang='lat' dir='ltr'>ausuS,</span> <span class='ocrx_word' id='word_1_204' title='bbox 995 3419 1114 3499; x_wconf 93' lang='lat' dir='ltr'>quippe</span> <span class='ocrx_word' id='word_1_205' title='bbox 1138 3416 1215 3478; x_wconf 88' lang='lat' dir='ltr'>defi·</span> 
     </span>
     <span class='ocr_line' id='line_1_28' title="bbox 53 3518 1214 3601; baseline 0.003 -21"><span class='ocrx_word' id='word_1_206' title='bbox 53 3518 220 3581; x_wconf 88' lang='lat' dir='ltr'>cientibus</span> <span class='ocrx_word' id='word_1_207' title='bbox 234 3520 314 3581; x_wconf 92' lang='lat' dir='ltr'>locis</span> <span class='ocrx_word' id='word_1_208' title='bbox 331 3539 411 3600; x_wconf 92' lang='lat' dir='ltr'>quos</span> <span class='ocrx_word' id='word_1_209' title='bbox 434 3521 474 3583; x_wconf 94' lang='lat' dir='ltr'>ab</span> <span class='ocrx_word' id='word_1_210' title='bbox 488 3523 629 3582; x_wconf 83' lang='lat' dir='ltr'>Homero</span> <span class='ocrx_word' id='word_1_211' title='bbox 643 3527 696 3583; x_wconf 89' lang='lat' dir='ltr'>aut</span> <span class='ocrx_word' id='word_1_212' title='bbox 717 3521 755 3583; x_wconf 92' lang='lat' dir='ltr'>ab</span> <span class='ocrx_word' id='word_1_213' title='bbox 772 3522 842 3583; x_wconf 90' lang='lat' dir='ltr'>aliis</span> <span class='ocrx_word' id='word_1_214' title='bbox 861 3523 1031 3601; x_wconf 88' lang='lat' dir='ltr'>scriptores</span> <span class='ocrx_word' id='word_1_215' title='bbox 1045 3522 1214 3584; x_wconf 84' lang='lat' dir='ltr'>transferre</span> 
     </span>
    </p>
   </div>
   <div class='ocr_carea' id='block_1_9' title="bbox 47 3834 1216 4412">
    <p class='ocr_par' dir='ltr' id='par_1_10' title="bbox 47 3834 1216 4236">
     <span class='ocr_line' id='line_1_29' title="bbox 88 3834 1216 3904; baseline 0.005 -21"><span class='ocrx_word' id='word_1_216' title='bbox 88 3837 127 3899; x_wconf 87' lang='lat' dir='ltr'>(l)</span> <span class='ocrx_word' id='word_1_217' title='bbox 145 3835 266 3899; x_wconf 76' lang='grc' dir='ltr'>Αἰγίλιπα</span> <span class='ocrx_word' id='word_1_218' title='bbox 277 3837 404 3902; x_wconf 78' lang='lat' dir='ltr'>(montes);</span> <span class='ocrx_word' id='word_1_219' title='bbox 418 3838 625 3904; x_wconf 74' lang='grc' dir='ltr'>καλλιπλόκαμον,</span> <span class='ocrx_word' id='word_1_220' title='bbox 640 3838 814 3903; x_wconf 81' lang='grc' dir='ltr'>καλλίσφυρον,</span> <span class='ocrx_word' id='word_1_221' title='bbox 828 3845 920 3887; x_wconf 57' lang='lat' dir='ltr'>elem..</span> <span class='ocrx_word' id='word_1_222' title='bbox 933 3834 1061 3885; x_wconf 87' lang='lat' dir='ltr'>Lucretius</span> <span class='ocrx_word' id='word_1_223' title='bbox 1075 3836 1216 3903; x_wconf 83' lang='lat' dir='ltr'>ipseGraeca</span> 
     </span>
     <span class='ocr_line' id='line_1_30' title="bbox 47 3919 1215 3992; baseline 0.002 -21"><span class='ocrx_word' id='word_1_224' title='bbox 47 3921 133 3972; x_wconf 85' lang='lat' dir='ltr'>verba</span> <span class='ocrx_word' id='word_1_225' title='bbox 146 3919 278 3971; x_wconf 84' lang='lat' dir='ltr'>adhibuit:</span> <span class='ocrx_word' id='word_1_226' title='bbox 294 3920 406 3987; x_wconf 83' lang='grc' dir='ltr'>ἄκοσμος</span> <span class='ocrx_word' id='word_1_227' title='bbox 421 3923 471 3984; x_wconf 83' lang='lat' dir='ltr'>(lV,</span> <span class='ocrx_word' id='word_1_228' title='bbox 484 3925 566 3990; x_wconf 81' lang='lat'>1153),</span> <span class='ocrx_word' id='word_1_229' title='bbox 580 3924 720 3988; x_wconf 80' lang='grc' dir='ltr'>Αἰγοκέρως</span> <span class='ocrx_word' id='word_1_230' title='bbox 731 3922 771 3988; x_wconf 80' lang='lat' dir='ltr'>(V,</span> <span class='ocrx_word' id='word_1_231' title='bbox 787 3922 891 3987; x_wconf 73' lang='lat'>614),-</span> <span class='ocrx_word' id='word_1_232' title='bbox 900 3921 947 3988; x_wconf 81' lang='grc' dir='ltr'>ἀήρ</span> <span class='ocrx_word' id='word_1_233' title='bbox 959 3921 1072 3992; x_wconf 87' lang='lat' dir='ltr'>(secunda</span> <span class='ocrx_word' id='word_1_234' title='bbox 1086 3923 1215 3988; x_wconf 87' lang='lat' dir='ltr'>producta,</span> 
     </span>
     <span class='ocr_line' id='line_1_31' title="bbox 48 4006 1214 4074; baseline -0.001 -17"><span class='ocrx_word' id='word_1_235' title='bbox 48 4007 95 4065; x_wconf 86' lang='lat' dir='ltr'>lv,</span> <span class='ocrx_word' id='word_1_236' title='bbox 123 4006 192 4069; x_wconf 80' lang='lat' dir='ltr'>ato),</span> <span class='ocrx_word' id='word_1_237' title='bbox 210 4035 241 4043; x_wconf 93' lang='lat'><em>-</em></span> <span class='ocrx_word' id='word_1_238' title='bbox 264 4007 412 4073; x_wconf 83' lang='grc' dir='ltr'>ἀνδρόγυνος</span> <span class='ocrx_word' id='word_1_239' title='bbox 425 4007 464 4071; x_wconf 76' lang='lat' dir='ltr'>(V,</span> <span class='ocrx_word' id='word_1_240' title='bbox 480 4009 549 4072; x_wconf 73' lang='lat'>837),</span> <span class='ocrx_word' id='word_1_241' title='bbox 568 4037 598 4045; x_wconf 93' lang='lat'><em>-</em></span> <span class='ocrx_word' id='word_1_242' title='bbox 619 4009 684 4074; x_wconf 90' lang='lat' dir='ltr'>apud</span> <span class='ocrx_word' id='word_1_243' title='bbox 705 4007 796 4069; x_wconf 73' lang='lat' dir='ltr'>Cicer,</span> <span class='ocrx_word' id='word_1_244' title='bbox 815 4007 878 4063; x_wconf 79' lang='grc' dir='ltr'>ἅπαξ</span> <span class='ocrx_word' id='word_1_245' title='bbox 896 4007 941 4073; x_wconf 75' lang='lat' dir='ltr'>alp.</span> <span class='ocrx_word' id='word_1_246' title='bbox 958 4035 989 4044; x_wconf 95' lang='lat'><em>-</em></span> <span class='ocrx_word' id='word_1_247' title='bbox 1001 4008 1119 4072; x_wconf 72' lang='grc' dir='ltr'>Χαρίτων</span> <span class='ocrx_word' id='word_1_248' title='bbox 1135 4007 1159 4059; x_wconf 81' lang='grc' dir='ltr'>ἴα</span> <span class='ocrx_word' id='word_1_249' title='bbox 1174 4009 1214 4074; x_wconf 84' lang='lat' dir='ltr'>(V,</span> 
     </span>
     <span class='ocr_line' id='line_1_32' title="bbox 49 4077 1212 4160; baseline 0.001 -18"><span class='ocrx_word' id='word_1_250' title='bbox 49 4089 479 4157; x_wconf 69' lang='lat' dir='ltr'>¹155),-oopat4(eaprea),lv,</span> <span class='ocrx_word' id='word_1_251' title='bbox 498 4094 572 4152; x_wconf 74' lang='lat'>1154,</span> <span class='ocrx_word' id='word_1_252' title='bbox 584 4121 615 4129; x_wconf 93' lang='lat'><em>-</em></span> <span class='ocrx_word' id='word_1_253' title='bbox 634 4091 768 4156; x_wconf 67' lang='grc' dir='ltr'>λαμπάδιον</span> <span class='ocrx_word' id='word_1_254' title='bbox 788 4091 839 4156; x_wconf 78' lang='grc' dir='ltr'>(ιν,</span> <span class='ocrx_word' id='word_1_255' title='bbox 868 4091 952 4156; x_wconf 81' lang='lat'>1158),</span> <span class='ocrx_word' id='word_1_256' title='bbox 970 4120 1000 4128; x_wconf 93' lang='lat'><em>-</em></span> <span class='ocrx_word' id='word_1_257' title='bbox 1020 4077 1148 4160; x_wconf 58' lang='grc' dir='ltr'>μελιχρὸς</span> <span class='ocrx_word' id='word_1_258' title='bbox 1163 4095 1212 4157; x_wconf 80' lang='lat' dir='ltr'>pv,</span> 
     </span>
     <span class='ocr_line' id='line_1_33' title="bbox 49 4174 280 4236; baseline -0.026 -9"><span class='ocrx_word' id='word_1_259' title='bbox 49 4174 145 4236; x_wconf 81' lang='lat'>1153),</span> <span class='ocrx_word' id='word_1_260' title='bbox 158 4181 217 4232; x_wconf 82' lang='lat' dir='ltr'>etc,</span> <span class='ocrx_word' id='word_1_261' title='bbox 232 4182 280 4223; x_wconf 85' lang='lat' dir='ltr'>etc.</span> 
     </span>
    </p>

    <p class='ocr_par' dir='ltr' id='par_1_11' title="bbox 87 4255 372 4327">
     <span class='ocr_line' id='line_1_34' title="bbox 87 4255 372 4327; baseline 0 -17"><span class='ocrx_word' id='word_1_262' title='bbox 87 4258 126 4323; x_wconf 81' lang='lat'>(2)</span> <span class='ocrx_word' id='word_1_263' title='bbox 146 4255 244 4327; x_wconf 65' lang='lat' dir='ltr'>Odyss,</span> <span class='ocrx_word' id='word_1_264' title='bbox 258 4257 300 4323; x_wconf 76' lang='lat' dir='ltr'>ill,</span> <span class='ocrx_word' id='word_1_265' title='bbox 316 4262 372 4310; x_wconf 78' lang='lat'><strong>491.</strong></span> 
     </span>
    </p>

    <p class='ocr_par' dir='ltr' id='par_1_12' title="bbox 84 4343 436 4412">
     <span class='ocr_line' id='line_1_35' title="bbox 84 4343 436 4412; baseline 0.003 -13"><span class='ocrx_word' id='word_1_266' title='bbox 84 4343 128 4411; x_wconf 72' lang='grc'>(3)</span> <span class='ocrx_word' id='word_1_267' title='bbox 146 4343 216 4406; x_wconf 64' lang='lat' dir='ltr'>Hos-2</span> <span class='ocrx_word' id='word_1_268' title='bbox 232 4346 320 4412; x_wconf 45' lang='lat' dir='ltr'>Epist-s</span> <span class='ocrx_word' id='word_1_269' title='bbox 335 4344 353 4404; x_wconf 72' lang='lat' dir='ltr'>lt</span> <span class='ocrx_word' id='word_1_270' title='bbox 370 4349 395 4407; x_wconf 69' lang='lat'>3,</span> <span class='ocrx_word' id='word_1_271' title='bbox 411 4349 436 4402; x_wconf 74' lang='lat'>2·</span> 
     </span>
    </p>
   </div>
   <div class='ocr_carea' id='block_1_10' title="bbox 0 0 1400 4770">
    <p class='ocr_par' dir='ltr' id='par_1_13' title="bbox 0 0 1400 4770">
     <span class='ocr_line' id='line_1_36' title="bbox 0 0 1400 4770; baseline 0 4"><span class='ocrx_word' id='word_1_272' title='bbox 0 0 1400 4770; x_wconf 95' lang='lat' dir='ltr'> </span> 
     </span>
    </p>
   </div>
  </div>
 </body>
</html>
