<?xml version="1.0" encoding="UTF-8"?>
<!DOCTYPE html PUBLIC "-//W3C//DTD XHTML 1.0 Transitional//EN"
    "http://www.w3.org/TR/xhtml1/DTD/xhtml1-transitional.dtd">
<html xmlns="http://www.w3.org/1999/xhtml" xml:lang="en" lang="en">
 <head>
  <title>
</title>
<meta http-equiv="Content-Type" content="text/html;charset=utf-8" />
  <meta name='ocr-system' content='tesseract 3.04.00' />
  <meta name='ocr-capabilities' content='ocr_page ocr_carea ocr_par ocr_line ocrx_word'/>
</head>
<body>
  <div class='ocr_page' id='page_1' title='image "./demtciceronegrc00clavgoog_0214.png"; bbox 0 0 2806 4764; ppageno 0'>
   <div class='ocr_carea' id='block_1_1' title="bbox 600 345 801 410">
    <p class='ocr_par' dir='ltr' id='par_1_1' title="bbox 600 345 801 410">
     <span class='ocr_line' id='line_1_1' title="bbox 600 345 801 410; baseline 0.005 -3"><span class='ocrx_word' id='word_1_1' title='bbox 600 345 801 410; x_wconf 86' lang='lat'>-171-</span> 
     </span>
    </p>
   </div>
   <div class='ocr_carea' id='block_1_2' title="bbox 117 495 1274 1096">
    <p class='ocr_par' dir='ltr' id='par_1_2' title="bbox 117 495 1274 1096">
     <span class='ocr_line' id='line_1_2' title="bbox 118 495 1269 596; baseline -0.002 -28"><span class='ocrx_word' id='word_1_2' title='bbox 118 502 177 568; x_wconf 80' lang='grc' dir='ltr'>ὅσα</span> <span class='ocrx_word' id='word_1_3' title='bbox 194 501 312 596; x_wconf 81' lang='grc' dir='ltr'>τρορήν</span> <span class='ocrx_word' id='word_1_4' title='bbox 327 504 429 594; x_wconf 99' lang='grc' dir='ltr'>μήτηρ</span> <span class='ocrx_word' id='word_1_5' title='bbox 449 495 525 568; x_wconf 85' lang='grc' dir='ltr'>οὐσα</span> <span class='ocrx_word' id='word_1_6' title='bbox 539 504 557 576; x_wconf 89' lang='grc' dir='ltr'>ή</span> <span class='ocrx_word' id='word_1_7' title='bbox 573 508 613 594; x_wconf 82' lang='grc' dir='ltr'>γῆ</span> <span class='ocrx_word' id='word_1_8' title='bbox 628 498 703 593; x_wconf 82' lang='grc' dir='ltr'>πρὸς</span> <span class='ocrx_word' id='word_1_9' title='bbox 726 508 827 568; x_wconf 83' lang='grc' dir='ltr'>ταῦτα</span> <span class='ocrx_word' id='word_1_10' title='bbox 843 501 958 592; x_wconf 76' lang='grc' dir='ltr'>πέφυκε</span> <span class='ocrx_word' id='word_1_11' title='bbox 979 500 1141 586; x_wconf 78' lang='grc' dir='ltr'>βουλεσθαι</span> <span class='ocrx_word' id='word_1_12' title='bbox 1160 501 1269 594; x_wconf 79' lang='grc' dir='ltr'>φέρειν,</span> 
     </span>
     <span class='ocr_line' id='line_1_3' title="bbox 118 617 1271 721; baseline 0 -28"><span class='ocrx_word' id='word_1_13' title='bbox 118 630 196 721; x_wconf 89' lang='grc' dir='ltr'>μήτε</span> <span class='ocrx_word' id='word_1_14' title='bbox 210 619 269 705; x_wconf 79' lang='grc' dir='ltr'>ζῶν</span> <span class='ocrx_word' id='word_1_15' title='bbox 287 628 367 719; x_wconf 87' lang='grc' dir='ltr'>μήτε</span> <span class='ocrx_word' id='word_1_16' title='bbox 381 651 427 704; x_wconf 92' lang='grc' dir='ltr'>τις</span> <span class='ocrx_word' id='word_1_17' title='bbox 446 625 605 695; x_wconf 80' lang='grc' dir='ltr'>ἀποθανὼν</span> <span class='ocrx_word' id='word_1_18' title='bbox 625 623 770 717; x_wconf 77' lang='grc' dir='ltr'>στερείτω</span> <span class='ocrx_word' id='word_1_19' title='bbox 796 625 851 693; x_wconf 86' lang='grc' dir='ltr'>τὸν</span> <span class='ocrx_word' id='word_1_20' title='bbox 870 617 955 703; x_wconf 76' lang='grc' dir='ltr'>ζῶνθ’</span> <span class='ocrx_word' id='word_1_21' title='bbox 987 633 1086 719; x_wconf 79' lang='grc' dir='ltr'>η’μῶν.</span> <span class='ocrx_word' id='word_1_22' title='bbox 1109 629 1213 720; x_wconf 88' lang='grc' dir='ltr'>Χῶμα</span> <span class='ocrx_word' id='word_1_23' title='bbox 1235 617 1271 693; x_wconf 81' lang='grc' dir='ltr'>δὲ</span> 
     </span>
     <span class='ocr_line' id='line_1_4' title="bbox 118 741 1273 849; baseline -0.002 -27"><span class='ocrx_word' id='word_1_24' title='bbox 118 757 161 848; x_wconf 77' lang='grc' dir='ltr'>μή</span> <span class='ocrx_word' id='word_1_25' title='bbox 180 763 255 847; x_wconf 82' lang='grc' dir='ltr'>χοῶν</span> <span class='ocrx_word' id='word_1_26' title='bbox 274 749 462 847; x_wconf 81' lang='grc' dir='ltr'>ὐψηλότερον</span> <span class='ocrx_word' id='word_1_27' title='bbox 481 755 573 823; x_wconf 80' lang='grc' dir='ltr'>πέντε</span> <span class='ocrx_word' id='word_1_28' title='bbox 585 741 704 846; x_wconf 82' lang='grc' dir='ltr'>ἀνδρῶν</span> <span class='ocrx_word' id='word_1_29' title='bbox 719 752 805 848; x_wconf 72' lang='grc' dir='ltr'>ἔργον</span> <span class='ocrx_word' id='word_1_30' title='bbox 822 756 851 820; x_wconf 81' lang='grc' dir='ltr'>ἐν</span> <span class='ocrx_word' id='word_1_31' title='bbox 866 750 948 820; x_wconf 84' lang='grc' dir='ltr'>πένθ’</span> <span class='ocrx_word' id='word_1_32' title='bbox 962 756 1089 849; x_wconf 76' lang='grc' dir='ltr'>ἡμέραις</span> <span class='ocrx_word' id='word_1_33' title='bbox 1103 753 1273 822; x_wconf 85' lang='grc' dir='ltr'>ἀποτελού·</span> 
     </span>
     <span class='ocr_line' id='line_1_5' title="bbox 118 867 1273 971; baseline -0.003 -25"><span class='ocrx_word' id='word_1_34' title='bbox 118 904 220 971; x_wconf 87' lang='grc' dir='ltr'>μενον,</span> <span class='ocrx_word' id='word_1_35' title='bbox 233 876 334 945; x_wconf 89' lang='grc' dir='ltr'>λίθινα</span> <span class='ocrx_word' id='word_1_36' title='bbox 350 867 386 944; x_wconf 87' lang='grc' dir='ltr'>δὲ</span> <span class='ocrx_word' id='word_1_37' title='bbox 407 878 605 969; x_wconf 71' lang='grc' dir='ltr'>ἐπιστήματα</span> <span class='ocrx_word' id='word_1_38' title='bbox 621 875 663 966; x_wconf 79' lang='grc' dir='ltr'>μή</span> <span class='ocrx_word' id='word_1_39' title='bbox 681 867 776 964; x_wconf 81' lang='grc' dir='ltr'>μείζω</span> <span class='ocrx_word' id='word_1_40' title='bbox 792 879 900 957; x_wconf 80' lang='grc' dir='ltr'>ποιεῖν,</span> <span class='ocrx_word' id='word_1_41' title='bbox 919 871 937 949; x_wconf 77' lang='grc' dir='ltr'><strong>ἢ</strong></span> <span class='ocrx_word' id='word_1_42' title='bbox 962 876 1019 942; x_wconf 81' lang='grc' dir='ltr'>ὅσα</span> <span class='ocrx_word' id='word_1_43' title='bbox 1037 867 1192 970; x_wconf 85' lang='grc' dir='ltr'>δέχεσθαι,</span> <span class='ocrx_word' id='word_1_44' title='bbox 1211 885 1273 944; x_wconf 91' lang='grc' dir='ltr'>τῶν</span> 
     </span>
     <span class='ocr_line' id='line_1_6' title="bbox 117 995 1274 1096; baseline -0.002 -26"><span class='ocrx_word' id='word_1_45' title='bbox 117 1011 175 1070; x_wconf 78' lang='grc' dir='ltr'>τοῦ</span> <span class='ocrx_word' id='word_1_46' title='bbox 197 1000 457 1079; x_wconf 79' lang='grc' dir='ltr'>τετελευτηκότος</span> <span class='ocrx_word' id='word_1_47' title='bbox 483 1001 619 1096; x_wconf 77' lang='grc' dir='ltr'>ἐγκώμια</span> <span class='ocrx_word' id='word_1_48' title='bbox 647 995 716 1083; x_wconf 91' lang='grc' dir='ltr'>βίου</span> <span class='ocrx_word' id='word_1_49' title='bbox 747 999 789 1092; x_wconf 76' lang='grc' dir='ltr'>μή</span> <span class='ocrx_word' id='word_1_50' title='bbox 825 998 919 1066; x_wconf 85' lang='grc' dir='ltr'>πλείω</span> <span class='ocrx_word' id='word_1_51' title='bbox 952 997 1107 1094; x_wconf 90' lang='grc' dir='ltr'>τεττοίρων</span> <span class='ocrx_word' id='word_1_52' title='bbox 1136 1005 1274 1094; x_wconf 80' lang='grc' dir='ltr'>ἡρωϊκῶν</span> 
     </span>
    </p>
   </div>
   <div class='ocr_carea' id='block_1_3' title="bbox 116 1128 874 1294">
    <p class='ocr_par' dir='ltr' id='par_1_3' title="bbox 116 1128 874 1294">
     <span class='ocr_line' id='line_1_7' title="bbox 116 1128 247 1222; baseline -0.031 -27"><span class='ocrx_word' id='word_1_53' title='bbox 116 1128 247 1222; x_wconf 84' lang='grc' dir='ltr'>στίχων.</span> 
     </span>
     <span class='ocr_line' id='line_1_8' title="bbox 511 1223 874 1294; baseline 0.003 -18"><span class='ocrx_word' id='word_1_54' title='bbox 511 1225 571 1286; x_wconf 69' lang='lat' dir='ltr'>cio,</span> <span class='ocrx_word' id='word_1_55' title='bbox 587 1223 619 1274; x_wconf 84' lang='lat' dir='ltr'>de</span> <span class='ocrx_word' id='word_1_56' title='bbox 632 1225 746 1294; x_wconf 75' lang='lat' dir='ltr'>Leg.,ll‚</span> <span class='ocrx_word' id='word_1_57' title='bbox 762 1242 817 1293; x_wconf 82' lang='lat' dir='ltr'><strong>cop.</strong></span> <span class='ocrx_word' id='word_1_58' title='bbox 833 1229 874 1277; x_wconf 73' lang='lat' dir='ltr'>ti.</span> 
     </span>
    </p>
   </div>
   <div class='ocr_carea' id='block_1_4' title="bbox 117 1345 1280 2137">
    <p class='ocr_par' dir='ltr' id='par_1_4' title="bbox 117 1345 1280 2137">
     <span class='ocr_line' id='line_1_9' title="bbox 152 1345 1275 1423; baseline -0.001 -16"><span class='ocrx_word' id='word_1_59' title='bbox 152 1352 196 1407; x_wconf 86' lang='lat' dir='ltr'>Do</span> <span class='ocrx_word' id='word_1_60' title='bbox 209 1347 360 1423; x_wconf 79' lang='lat' dir='ltr'><strong>sepulchris</strong></span> <span class='ocrx_word' id='word_1_61' title='bbox 368 1356 462 1406; x_wconf 83' lang='lat' dir='ltr'><strong>autom</strong></span> <span class='ocrx_word' id='word_1_62' title='bbox 475 1347 573 1421; x_wconf 79' lang='lat' dir='ltr'><strong>(Plato)</strong></span> <span class='ocrx_word' id='word_1_63' title='bbox 583 1347 643 1405; x_wconf 81' lang='lat' dir='ltr'><strong>ltaeo</strong></span> <span class='ocrx_word' id='word_1_64' title='bbox 655 1345 732 1403; x_wconf 83' lang='lat' dir='ltr'><strong>dicit.</strong></span> <span class='ocrx_word' id='word_1_65' title='bbox 746 1349 831 1404; x_wconf 84' lang='lat' dir='ltr'><strong>Vetat</strong></span> <span class='ocrx_word' id='word_1_66' title='bbox 846 1362 879 1403; x_wconf 81' lang='grc' dir='ltr'>εκ</span> <span class='ocrx_word' id='word_1_67' title='bbox 890 1363 956 1419; x_wconf 79' lang='lat' dir='ltr'><strong>agro</strong></span> <span class='ocrx_word' id='word_1_68' title='bbox 968 1350 1054 1419; x_wconf 84' lang='lat' dir='ltr'><strong>culto,</strong></span> <span class='ocrx_word' id='word_1_69' title='bbox 1070 1365 1147 1422; x_wconf 87' lang='grc' dir='ltr'>οονε,</span> <span class='ocrx_word' id='word_1_70' title='bbox 1163 1349 1212 1423; x_wconf 89' lang='lat' dir='ltr'>qui</span> <span class='ocrx_word' id='word_1_71' title='bbox 1221 1349 1275 1406; x_wconf 86' lang='lat' dir='ltr'><strong>ooii</strong></span> 
     </span>
     <span class='ocr_line' id='line_1_10' title="bbox 118 1436 1277 1514; baseline -0.002 -17"><span class='ocrx_word' id='word_1_72' title='bbox 118 1439 221 1514; x_wconf 83' lang='lat' dir='ltr'><strong>possit,</strong></span> <span class='ocrx_word' id='word_1_73' title='bbox 235 1439 322 1497; x_wconf 80' lang='lat' dir='ltr'><strong>uliam</strong></span> <span class='ocrx_word' id='word_1_74' title='bbox 338 1445 445 1511; x_wconf 78' lang='lat' dir='ltr'><strong>partem</strong></span> <span class='ocrx_word' id='word_1_75' title='bbox 460 1436 531 1494; x_wconf 89' lang='lat' dir='ltr'><strong>sumi</strong></span> <span class='ocrx_word' id='word_1_76' title='bbox 547 1436 710 1509; x_wconf 80' lang='lat' dir='ltr'><strong>sepulchr03</strong></span> <span class='ocrx_word' id='word_1_77' title='bbox 726 1436 790 1503; x_wconf 86' lang='lat' dir='ltr'><strong>sed,</strong></span> <span class='ocrx_word' id='word_1_78' title='bbox 805 1451 869 1509; x_wconf 83' lang='lat' dir='ltr'>quae</span> <span class='ocrx_word' id='word_1_79' title='bbox 889 1444 989 1494; x_wconf 84' lang='lat' dir='ltr'><strong>natura</strong></span> <span class='ocrx_word' id='word_1_80' title='bbox 1005 1437 1063 1512; x_wconf 81' lang='lat' dir='ltr'><strong>agri</strong></span> <span class='ocrx_word' id='word_1_81' title='bbox 1077 1437 1277 1495; x_wconf 85' lang='lat' dir='ltr'><strong>tantummodo</strong></span> 
     </span>
     <span class='ocr_line' id='line_1_11' title="bbox 117 1524 1280 1602; baseline -0.001 -17"><span class='ocrx_word' id='word_1_82' title='bbox 117 1527 230 1586; x_wconf 79' lang='lat' dir='ltr'><strong>efficere</strong></span> <span class='ocrx_word' id='word_1_83' title='bbox 244 1527 341 1602; x_wconf 88' lang='lat' dir='ltr'>possit,</span> <span class='ocrx_word' id='word_1_84' title='bbox 353 1536 385 1585; x_wconf 87' lang='lat' dir='ltr'>ut</span> <span class='ocrx_word' id='word_1_85' title='bbox 394 1536 569 1583; x_wconf 86' lang='lat' dir='ltr'><strong>mortuorum</strong></span> <span class='ocrx_word' id='word_1_86' title='bbox 582 1542 700 1598; x_wconf 83' lang='lat' dir='ltr'><strong>corpora</strong></span> <span class='ocrx_word' id='word_1_87' title='bbox 714 1526 774 1582; x_wconf 86' lang='lat' dir='ltr'><strong>sino</strong></span> <span class='ocrx_word' id='word_1_88' title='bbox 786 1524 954 1582; x_wconf 80' lang='lat' dir='ltr'><strong>detrimento</strong></span> <span class='ocrx_word' id='word_1_89' title='bbox 970 1527 1097 1583; x_wconf 66' lang='lat' dir='ltr'><strong>vivorum</strong></span> <span class='ocrx_word' id='word_1_90' title='bbox 1111 1527 1237 1599; x_wconf 79' lang='lat' dir='ltr'><strong>recipiat,</strong></span> <span class='ocrx_word' id='word_1_91' title='bbox 1248 1542 1280 1584; x_wconf 83' lang='lat' dir='ltr'>ea</span> 
     </span>
     <span class='ocr_line' id='line_1_12' title="bbox 120 1613 1278 1689; baseline 0 -16"><span class='ocrx_word' id='word_1_92' title='bbox 120 1616 297 1689; x_wconf 88' lang='lat' dir='ltr'><strong>potissimum</strong></span> <span class='ocrx_word' id='word_1_93' title='bbox 313 1625 345 1672; x_wconf 90' lang='lat' dir='ltr'>ut</span> <span class='ocrx_word' id='word_1_94' title='bbox 364 1615 550 1687; x_wconf 78' lang='lat' dir='ltr'><strong>compleatur3</strong></span> <span class='ocrx_word' id='word_1_95' title='bbox 572 1629 635 1687; x_wconf 87' lang='lat' dir='ltr'>quae</span> <span class='ocrx_word' id='word_1_96' title='bbox 648 1621 744 1670; x_wconf 83' lang='lat' dir='ltr'><strong>autem</strong></span> <span class='ocrx_word' id='word_1_97' title='bbox 759 1621 833 1671; x_wconf 83' lang='lat' dir='ltr'><strong>terra</strong></span> <span class='ocrx_word' id='word_1_98' title='bbox 852 1613 948 1687; x_wconf 82' lang='lat' dir='ltr'><strong>fruges</strong></span> <span class='ocrx_word' id='word_1_99' title='bbox 967 1614 1048 1683; x_wconf 82' lang='lat' dir='ltr'>serre,</span> <span class='ocrx_word' id='word_1_100' title='bbox 1064 1623 1108 1684; x_wconf 84' lang='lat' dir='ltr'>ot,</span> <span class='ocrx_word' id='word_1_101' title='bbox 1129 1624 1161 1671; x_wconf 88' lang='lat' dir='ltr'>ut</span> <span class='ocrx_word' id='word_1_102' title='bbox 1177 1622 1278 1673; x_wconf 65' lang='lat' dir='ltr'><strong>mater,</strong></span> 
     </span>
     <span class='ocr_line' id='line_1_13' title="bbox 119 1702 1278 1778; baseline -0.003 -15"><span class='ocrx_word' id='word_1_103' title='bbox 119 1705 197 1763; x_wconf 82' lang='lat' dir='ltr'><strong>cibos</strong></span> <span class='ocrx_word' id='word_1_104' title='bbox 208 1703 384 1778; x_wconf 72' lang='lat' dir='ltr'>suppeditare</span> <span class='ocrx_word' id='word_1_105' title='bbox 398 1703 494 1777; x_wconf 83' lang='lat' dir='ltr'><strong>possit,</strong></span> <span class='ocrx_word' id='word_1_106' title='bbox 510 1718 573 1759; x_wconf 78' lang='lat' dir='ltr'>eam</span> <span class='ocrx_word' id='word_1_107' title='bbox 583 1703 693 1774; x_wconf 85' lang='lat' dir='ltr'><strong>nequis</strong></span> <span class='ocrx_word' id='word_1_108' title='bbox 706 1702 786 1759; x_wconf 90' lang='lat' dir='ltr'><strong>nobis</strong></span> <span class='ocrx_word' id='word_1_109' title='bbox 800 1702 918 1768; x_wconf 83' lang='lat' dir='ltr'><strong>minuat,</strong></span> <span class='ocrx_word' id='word_1_110' title='bbox 932 1718 1002 1760; x_wconf 84' lang='lat' dir='ltr'><strong>nove</strong></span> <span class='ocrx_word' id='word_1_111' title='bbox 1014 1702 1101 1772; x_wconf 90' lang='lat' dir='ltr'><strong>vivus,</strong></span> <span class='ocrx_word' id='word_1_112' title='bbox 1119 1720 1187 1761; x_wconf 83' lang='lat' dir='ltr'><strong>nove</strong></span> <span class='ocrx_word' id='word_1_113' title='bbox 1200 1719 1278 1760; x_wconf 87' lang='lat' dir='ltr'><strong>mor·</strong></span> 
     </span>
     <span class='ocr_line' id='line_1_14' title="bbox 119 1789 1279 1865; baseline -0.003 -13"><span class='ocrx_word' id='word_1_114' title='bbox 119 1803 194 1852; x_wconf 88' lang='lat' dir='ltr'><strong>tuus.</strong></span> <span class='ocrx_word' id='word_1_115' title='bbox 210 1794 320 1851; x_wconf 81' lang='lat' dir='ltr'><strong>Exstrui</strong></span> <span class='ocrx_word' id='word_1_116' title='bbox 335 1802 429 1850; x_wconf 83' lang='lat' dir='ltr'><strong>autom</strong></span> <span class='ocrx_word' id='word_1_117' title='bbox 448 1799 521 1848; x_wconf 84' lang='lat' dir='ltr'><strong>vetat</strong></span> <span class='ocrx_word' id='word_1_118' title='bbox 539 1789 716 1864; x_wconf 84' lang='lat' dir='ltr'><strong>sepuiohrum</strong></span> <span class='ocrx_word' id='word_1_119' title='bbox 735 1791 828 1863; x_wconf 77' lang='lat' dir='ltr'><strong>aitiuS,</strong></span> <span class='ocrx_word' id='word_1_120' title='bbox 849 1808 935 1865; x_wconf 86' lang='lat' dir='ltr'><strong>quam</strong></span> <span class='ocrx_word' id='word_1_121' title='bbox 953 1791 1028 1865; x_wconf 88' lang='lat' dir='ltr'><strong>quod</strong></span> <span class='ocrx_word' id='word_1_122' title='bbox 1043 1793 1166 1865; x_wconf 85' lang='lat' dir='ltr'><strong>quinque</strong></span> <span class='ocrx_word' id='word_1_123' title='bbox 1180 1792 1279 1849; x_wconf 84' lang='lat' dir='ltr'><strong>diebus</strong></span> 
     </span>
     <span class='ocr_line' id='line_1_15' title="bbox 119 1878 1277 1956; baseline -0.004 -14"><span class='ocrx_word' id='word_1_124' title='bbox 119 1883 249 1942; x_wconf 86' lang='lat' dir='ltr'><strong>hominos</strong></span> <span class='ocrx_word' id='word_1_125' title='bbox 260 1882 381 1956; x_wconf 86' lang='lat' dir='ltr'><strong>quinquo</strong></span> <span class='ocrx_word' id='word_1_126' title='bbox 395 1880 573 1952; x_wconf 82' lang='lat' dir='ltr'><strong>absolverint,</strong></span> <span class='ocrx_word' id='word_1_127' title='bbox 587 1895 640 1937; x_wconf 86' lang='lat' dir='ltr'>noo</span> <span class='ocrx_word' id='word_1_128' title='bbox 652 1895 668 1937; x_wconf 86' lang='grc' dir='ltr'>ε</span> <span class='ocrx_word' id='word_1_129' title='bbox 681 1878 771 1952; x_wconf 83' lang='lat' dir='ltr'><strong>lapide</strong></span> <span class='ocrx_word' id='word_1_130' title='bbox 785 1880 897 1937; x_wconf 84' lang='lat' dir='ltr'><strong>excitari</strong></span> <span class='ocrx_word' id='word_1_131' title='bbox 909 1883 983 1953; x_wconf 86' lang='lat' dir='ltr'><strong>plus,</strong></span> <span class='ocrx_word' id='word_1_132' title='bbox 994 1897 1045 1937; x_wconf 90' lang='lat' dir='ltr'>neo</span> <span class='ocrx_word' id='word_1_133' title='bbox 1060 1881 1179 1954; x_wconf 84' lang='lat' dir='ltr'><strong>imponi,</strong></span> <span class='ocrx_word' id='word_1_134' title='bbox 1191 1897 1277 1954; x_wconf 86' lang='lat' dir='ltr'><strong>quam</strong></span> 
     </span>
     <span class='ocr_line' id='line_1_16' title="bbox 120 1968 1278 2047; baseline -0.002 -18"><span class='ocrx_word' id='word_1_135' title='bbox 120 1971 197 2047; x_wconf 84' lang='lat' dir='ltr'><strong>qood</strong></span> <span class='ocrx_word' id='word_1_136' title='bbox 208 1971 299 2045; x_wconf 82' lang='lat' dir='ltr'><strong>capiat</strong></span> <span class='ocrx_word' id='word_1_137' title='bbox 309 1969 420 2028; x_wconf 81' lang='lat' dir='ltr'><strong>laudem</strong></span> <span class='ocrx_word' id='word_1_138' title='bbox 431 1970 552 2038; x_wconf 85' lang='lat' dir='ltr'><strong>mortui,</strong></span> <span class='ocrx_word' id='word_1_139' title='bbox 565 1969 681 2026; x_wconf 79' lang='lat' dir='ltr'><strong>incisam</strong></span> <span class='ocrx_word' id='word_1_140' title='bbox 694 1983 730 2025; x_wconf 86' lang='lat' dir='ltr'>no</span> <span class='ocrx_word' id='word_1_141' title='bbox 739 1968 802 2042; x_wconf 85' lang='lat' dir='ltr'><strong>plus</strong></span> <span class='ocrx_word' id='word_1_142' title='bbox 815 1978 936 2042; x_wconf 82' lang='lat' dir='ltr'><strong>quatuor</strong></span> <span class='ocrx_word' id='word_1_143' title='bbox 946 1969 1038 2027; x_wconf 85' lang='lat' dir='ltr'><strong>herois</strong></span> <span class='ocrx_word' id='word_1_144' title='bbox 1051 1968 1174 2027; x_wconf 81' lang='lat' dir='ltr'><strong>versibus</strong></span> <span class='ocrx_word' id='word_1_145' title='bbox 1185 1989 1193 2040; x_wconf 83' lang='lat'>3</span> <span class='ocrx_word' id='word_1_146' title='bbox 1208 1985 1278 2042; x_wconf 87' lang='lat' dir='ltr'><strong>quos</strong></span> 
     </span>
     <span class='ocr_line' id='line_1_17' title="bbox 119 2059 474 2137; baseline -0.014 -17"><span class='ocrx_word' id='word_1_147' title='bbox 119 2063 219 2137; x_wconf 82' lang='lat' dir='ltr'><strong>longos</strong></span> <span class='ocrx_word' id='word_1_148' title='bbox 229 2061 349 2135; x_wconf 77' lang='lat' dir='ltr'><strong>appellat</strong></span> <span class='ocrx_word' id='word_1_149' title='bbox 357 2059 474 2117; x_wconf 85' lang='lat' dir='ltr'><strong>Ennius.</strong></span> 
     </span>
    </p>
   </div>
   <div class='ocr_carea' id='block_1_5' title="bbox 501 2325 896 2395">
    <p class='ocr_par' dir='ltr' id='par_1_5' title="bbox 501 2325 896 2395">
     <span class='ocr_line' id='line_1_18' title="bbox 501 2325 896 2395; baseline 0.003 -18"><span class='ocrx_word' id='word_1_150' title='bbox 501 2325 635 2384; x_wconf 83' lang='grc' dir='ltr'>Πλάτωνος</span> <span class='ocrx_word' id='word_1_151' title='bbox 649 2325 760 2392; x_wconf 76' lang='grc' dir='ltr'>Γοργίας,</span> <span class='ocrx_word' id='word_1_152' title='bbox 774 2343 830 2392; x_wconf 83' lang='grc' dir='ltr'>κερ.</span> <span class='ocrx_word' id='word_1_153' title='bbox 848 2326 896 2395; x_wconf 72' lang='lat'>26.}</span> 
     </span>
    </p>
   </div>
   <div class='ocr_carea' id='block_1_6' title="bbox 123 2442 1276 3054">
    <p class='ocr_par' dir='ltr' id='par_1_6' title="bbox 123 2442 1276 2665">
     <span class='ocr_line' id='line_1_19' title="bbox 174 2442 1276 2548; baseline 0.001 -26"><span class='ocrx_word' id='word_1_154' title='bbox 174 2459 218 2524; x_wconf 82' lang='lat'>11.</span> <span class='ocrx_word' id='word_1_155' title='bbox 234 2495 284 2509; x_wconf 91' lang='lat'>-·</span> <span class='ocrx_word' id='word_1_156' title='bbox 298 2443 455 2547; x_wconf 80' lang='grc' dir='ltr'>Ᾰρχελαον</span> <span class='ocrx_word' id='word_1_157' title='bbox 475 2442 516 2526; x_wconf 89' lang='grc' dir='ltr'>δή</span> <span class='ocrx_word' id='word_1_158' title='bbox 543 2477 601 2520; x_wconf 85' lang='grc' dir='ltr'>που</span> <span class='ocrx_word' id='word_1_159' title='bbox 629 2461 739 2520; x_wconf 84' lang='grc' dir='ltr'>τοῦτον</span> <span class='ocrx_word' id='word_1_160' title='bbox 761 2453 816 2521; x_wconf 89' lang='grc' dir='ltr'>τὸν</span> <span class='ocrx_word' id='word_1_161' title='bbox 844 2443 1014 2546; x_wconf 75' lang='grc' dir='ltr'>Περδίκκου</span> <span class='ocrx_word' id='word_1_162' title='bbox 1037 2458 1109 2548; x_wconf 78' lang='grc' dir='ltr'>ὁρᾷς</span> <span class='ocrx_word' id='word_1_163' title='bbox 1137 2449 1276 2546; x_wconf 77' lang='grc' dir='ltr'>ἄρχοντα</span> 
     </span>
     <span class='ocr_line' id='line_1_20' title="bbox 123 2573 337 2665; baseline -0.028 -12"><span class='ocrx_word' id='word_1_164' title='bbox 123 2573 337 2665; x_wconf 71' lang='grc' dir='ltr'>Μακεδονίαςς</span> 
     </span>
    </p>

    <p class='ocr_par' dir='ltr' id='par_1_7' title="bbox 175 2696 751 2801">
     <span class='ocr_line' id='line_1_21' title="bbox 175 2696 751 2801; baseline -0.003 -30"><span class='ocrx_word' id='word_1_165' title='bbox 175 2714 214 2779; x_wconf 87' lang='grc' dir='ltr'>Σ.</span> <span class='ocrx_word' id='word_1_166' title='bbox 237 2740 289 2755; x_wconf 90' lang='grc'>--</span> <span class='ocrx_word' id='word_1_167' title='bbox 310 2704 349 2771; x_wconf 85' lang='grc' dir='ltr'>Εἰ</span> <span class='ocrx_word' id='word_1_168' title='bbox 369 2696 404 2773; x_wconf 73' lang='grc' dir='ltr'>δὲ</span> <span class='ocrx_word' id='word_1_169' title='bbox 423 2707 478 2797; x_wconf 80' lang='grc' dir='ltr'>μη,</span> <span class='ocrx_word' id='word_1_170' title='bbox 492 2703 560 2771; x_wconf 83' lang='grc' dir='ltr'>ἀλλ’</span> <span class='ocrx_word' id='word_1_171' title='bbox 583 2703 684 2772; x_wconf 78' lang='grc' dir='ltr'>ἀκούω</span> <span class='ocrx_word' id='word_1_172' title='bbox 704 2731 751 2801; x_wconf 81' lang='grc' dir='ltr'>γε.</span> 
     </span>
    </p>

    <p class='ocr_par' dir='ltr' id='par_1_8' title="bbox 176 2803 970 2923">
     <span class='ocr_line' id='line_1_22' title="bbox 176 2803 970 2923; baseline -0.004 -22"><span class='ocrx_word' id='word_1_173' title='bbox 176 2841 222 2907; x_wconf 92' lang='grc' dir='ltr'>Π.</span> <span class='ocrx_word' id='word_1_174' title='bbox 244 2869 299 2882; x_wconf 92' lang='lat'>—-</span> <span class='ocrx_word' id='word_1_175' title='bbox 315 2823 480 2923; x_wconf 78' lang='grc' dir='ltr'>Εὐδαίμων</span> <span class='ocrx_word' id='word_1_176' title='bbox 497 2826 547 2898; x_wconf 82' lang='grc' dir='ltr'>οὐν</span> <span class='ocrx_word' id='word_1_177' title='bbox 563 2857 612 2899; x_wconf 94' lang='grc' dir='ltr'>σοι</span> <span class='ocrx_word' id='word_1_178' title='bbox 627 2822 715 2900; x_wconf 88' lang='grc' dir='ltr'>δοκεῖ</span> <span class='ocrx_word' id='word_1_179' title='bbox 728 2803 830 2906; x_wconf 76' lang='grc' dir='ltr'>εἶναιῆ</span> <span class='ocrx_word' id='word_1_180' title='bbox 847 2825 970 2916; x_wconf 74' lang='grc' dir='ltr'>οίθλιοςς</span> 
     </span>
    </p>

    <p class='ocr_par' dir='ltr' id='par_1_9' title="bbox 176 2941 1207 3054">
     <span class='ocr_line' id='line_1_23' title="bbox 176 2941 1207 3054; baseline -0.004 -24"><span class='ocrx_word' id='word_1_181' title='bbox 176 2965 212 3030; x_wconf 87' lang='grc' dir='ltr'>Σ.</span> <span class='ocrx_word' id='word_1_182' title='bbox 229 2941 285 3008; x_wconf 69' lang='lat'>...&#39;</span> <span class='ocrx_word' id='word_1_183' title='bbox 304 2960 374 3028; x_wconf 91' lang='grc' dir='ltr'>Οὐκ</span> <span class='ocrx_word' id='word_1_184' title='bbox 391 2949 473 3048; x_wconf 81' lang='grc' dir='ltr'>οἶδα,</span> <span class='ocrx_word' id='word_1_185' title='bbox 492 2953 518 3023; x_wconf 80' lang='grc' dir='ltr'>ὦ</span> <span class='ocrx_word' id='word_1_186' title='bbox 534 2960 635 3026; x_wconf 84' lang='grc' dir='ltr'>[Ιῶλε.</span> <span class='ocrx_word' id='word_1_187' title='bbox 651 2959 698 3025; x_wconf 89' lang='grc' dir='ltr'>Οὐ</span> <span class='ocrx_word' id='word_1_188' title='bbox 714 2956 773 3054; x_wconf 79' lang='grc' dir='ltr'>γοίρ</span> <span class='ocrx_word' id='word_1_189' title='bbox 790 2985 839 3026; x_wconf 89' lang='grc' dir='ltr'>πω</span> <span class='ocrx_word' id='word_1_190' title='bbox 854 2959 1025 3052; x_wconf 75' lang='grc' dir='ltr'>συρρέγονα</span> <span class='ocrx_word' id='word_1_191' title='bbox 1042 2966 1086 3048; x_wconf 85' lang='grc' dir='ltr'>τῷ</span> <span class='ocrx_word' id='word_1_192' title='bbox 1106 2947 1207 3052; x_wconf 83' lang='grc' dir='ltr'>ἀνδρί.</span> 
     </span>
    </p>
   </div>
   <div class='ocr_carea' id='block_1_7' title="bbox 176 3074 1274 3182">
    <p class='ocr_par' dir='ltr' id='par_1_10' title="bbox 176 3074 1274 3182">
     <span class='ocr_line' id='line_1_24' title="bbox 176 3074 1274 3182; baseline -0.005 -25"><span class='ocrx_word' id='word_1_193' title='bbox 176 3091 222 3156; x_wconf 92' lang='grc' dir='ltr'>Π.</span> <span class='ocrx_word' id='word_1_194' title='bbox 243 3128 292 3144; x_wconf 91' lang='lat'>-</span> <span class='ocrx_word' id='word_1_195' title='bbox 306 3074 347 3157; x_wconf 81' lang='grc' dir='ltr'>Τί</span> <span class='ocrx_word' id='word_1_196' title='bbox 372 3076 443 3170; x_wconf 78' lang='grc' dir='ltr'>δαίς</span> <span class='ocrx_word' id='word_1_197' title='bbox 465 3083 683 3179; x_wconf 70' lang='grc' dir='ltr'>συγγενόμενος</span> <span class='ocrx_word' id='word_1_198' title='bbox 708 3080 744 3153; x_wconf 78' lang='grc' dir='ltr'>διν</span> <span class='ocrx_word' id='word_1_199' title='bbox 761 3085 879 3182; x_wconf 68' lang='grc' dir='ltr'>γνοίης,</span> <span class='ocrx_word' id='word_1_200' title='bbox 908 3080 1009 3164; x_wconf 78' lang='grc' dir='ltr'>ἄλλως</span> <span class='ocrx_word' id='word_1_201' title='bbox 1033 3076 1069 3152; x_wconf 79' lang='grc' dir='ltr'>δὲ</span> <span class='ocrx_word' id='word_1_202' title='bbox 1098 3081 1224 3152; x_wconf 86' lang='grc' dir='ltr'>αὐτόθεν</span> <span class='ocrx_word' id='word_1_203' title='bbox 1239 3087 1274 3159; x_wconf 86' lang='grc' dir='ltr'>οὐ</span> 
     </span>
    </p>
   </div>
   <div class='ocr_carea' id='block_1_8' title="bbox 91 3202 1279 4311">
    <p class='ocr_par' dir='ltr' id='par_1_11' title="bbox 115 3202 559 3312">
     <span class='ocr_line' id='line_1_25' title="bbox 115 3202 559 3312; baseline -0.014 -30"><span class='ocrx_word' id='word_1_204' title='bbox 115 3218 300 3312; x_wconf 66' lang='grc' dir='ltr'>γιγνώσκεις</span> <span class='ocrx_word' id='word_1_205' title='bbox 312 3215 359 3281; x_wconf 82' lang='grc' dir='ltr'>ὅτι</span> <span class='ocrx_word' id='word_1_206' title='bbox 373 3202 559 3303; x_wconf 69' lang='grc' dir='ltr'>εὐδαιμονεῖς</span> 
     </span>
    </p>

    <p class='ocr_par' dir='ltr' id='par_1_12' title="bbox 176 3326 587 3411">
     <span class='ocr_line' id='line_1_26' title="bbox 176 3326 587 3411; baseline -0.022 -5"><span class='ocrx_word' id='word_1_207' title='bbox 176 3346 215 3411; x_wconf 81' lang='grc' dir='ltr'>Σ.</span> <span class='ocrx_word' id='word_1_208' title='bbox 234 3335 356 3404; x_wconf 81' lang='grc' dir='ltr'>-Μὰ</span> <span class='ocrx_word' id='word_1_209' title='bbox 371 3334 428 3405; x_wconf 90' lang='grc' dir='ltr'>Δία</span> <span class='ocrx_word' id='word_1_210' title='bbox 442 3340 475 3403; x_wconf 89' lang='grc' dir='ltr'>οὐ</span> <span class='ocrx_word' id='word_1_211' title='bbox 491 3326 587 3410; x_wconf 79' lang='grc' dir='ltr'>δῆτα.</span> 
     </span>
    </p>

    <p class='ocr_par' dir='ltr' id='par_1_13' title="bbox 91 3448 1279 3917">
     <span class='ocr_line' id='line_1_27' title="bbox 175 3448 1279 3551; baseline -0.008 -20"><span class='ocrx_word' id='word_1_212' title='bbox 175 3466 221 3531; x_wconf 93' lang='grc' dir='ltr'>Π.</span> <span class='ocrx_word' id='word_1_213' title='bbox 240 3497 292 3510; x_wconf 90' lang='grc'>-</span> <span class='ocrx_word' id='word_1_214' title='bbox 313 3466 410 3537; x_wconf 78' lang='grc' dir='ltr'>Δῆλον</span> <span class='ocrx_word' id='word_1_215' title='bbox 436 3451 489 3546; x_wconf 79' lang='grc' dir='ltr'>δή,</span> <span class='ocrx_word' id='word_1_216' title='bbox 518 3455 543 3526; x_wconf 81' lang='grc' dir='ltr'><em>ὦ</em></span> <span class='ocrx_word' id='word_1_217' title='bbox 570 3459 742 3551; x_wconf 82' lang='grc' dir='ltr'>Σώκρατες,</span> <span class='ocrx_word' id='word_1_218' title='bbox 769 3460 819 3526; x_wconf 83' lang='grc' dir='ltr'>ὅτι</span> <span class='ocrx_word' id='word_1_219' title='bbox 845 3448 916 3524; x_wconf 83' lang='grc' dir='ltr'>οὐδὲ</span> <span class='ocrx_word' id='word_1_220' title='bbox 946 3457 999 3524; x_wconf 85' lang='grc' dir='ltr'>τὸν</span> <span class='ocrx_word' id='word_1_221' title='bbox 1025 3458 1120 3551; x_wconf 81' lang='grc' dir='ltr'>μέγαν</span> <span class='ocrx_word' id='word_1_222' title='bbox 1149 3457 1279 3541; x_wconf 80' lang='grc' dir='ltr'>βασιλέα</span> 
     </span>
     <span class='ocr_line' id='line_1_28' title="bbox 111 3576 710 3687; baseline -0.02 -28"><span class='ocrx_word' id='word_1_223' title='bbox 111 3594 301 3687; x_wconf 68' lang='grc' dir='ltr'>γιγνώσκειν</span> <span class='ocrx_word' id='word_1_224' title='bbox 316 3591 419 3682; x_wconf 82' lang='grc' dir='ltr'>φήσεις</span> <span class='ocrx_word' id='word_1_225' title='bbox 438 3576 606 3675; x_wconf 90' lang='grc' dir='ltr'>εὐδαίμονα</span> <span class='ocrx_word' id='word_1_226' title='bbox 624 3582 710 3650; x_wconf 75' lang='grc' dir='ltr'>ὄντα.</span> 
     </span>
     <span class='ocr_line' id='line_1_29' title="bbox 91 3695 1279 3806; baseline -0.012 -22"><span class='ocrx_word' id='word_1_227' title='bbox 91 3706 98 3712; x_wconf 47' lang='grc'><strong>”</strong></span> <span class='ocrx_word' id='word_1_228' title='bbox 177 3719 212 3787; x_wconf 81' lang='grc' dir='ltr'>Σ.</span> <span class='ocrx_word' id='word_1_229' title='bbox 228 3711 360 3781; x_wconf 85' lang='grc' dir='ltr'>-Καὶ</span> <span class='ocrx_word' id='word_1_230' title='bbox 379 3712 477 3786; x_wconf 80' lang='grc' dir='ltr'>ἀληθῆ</span> <span class='ocrx_word' id='word_1_231' title='bbox 498 3714 527 3806; x_wconf 82' lang='grc' dir='ltr'>γ’</span> <span class='ocrx_word' id='word_1_232' title='bbox 547 3713 615 3803; x_wconf 89' lang='grc' dir='ltr'>ε’ρῶ.</span> <span class='ocrx_word' id='word_1_233' title='bbox 636 3712 683 3777; x_wconf 90' lang='grc' dir='ltr'>Οὐ</span> <span class='ocrx_word' id='word_1_234' title='bbox 702 3707 760 3806; x_wconf 79' lang='grc' dir='ltr'>γὰρ</span> <span class='ocrx_word' id='word_1_235' title='bbox 778 3699 850 3776; x_wconf 86' lang='grc' dir='ltr'>οἶδα</span> <span class='ocrx_word' id='word_1_236' title='bbox 870 3695 1012 3785; x_wconf 86' lang='grc' dir='ltr'>παιδείας</span> <span class='ocrx_word' id='word_1_237' title='bbox 1034 3707 1116 3784; x_wconf 82' lang='grc' dir='ltr'>ὅπως</span> <span class='ocrx_word' id='word_1_238' title='bbox 1137 3704 1199 3796; x_wconf 80' lang='grc' dir='ltr'>ἔχει</span> <span class='ocrx_word' id='word_1_239' title='bbox 1227 3703 1279 3772; x_wconf 89' lang='grc' dir='ltr'>καὶ</span> 
     </span>
     <span class='ocr_line' id='line_1_30' title="bbox 116 3835 331 3917; baseline -0.037 -6"><span class='ocrx_word' id='word_1_240' title='bbox 116 3835 331 3917; x_wconf 77' lang='grc' dir='ltr'>δικαιοσύνης.</span> 
     </span>
    </p>

    <p class='ocr_par' dir='ltr' id='par_1_14' title="bbox 178 3949 1039 4049">
     <span class='ocr_line' id='line_1_31' title="bbox 178 3949 1039 4049; baseline -0.019 -14"><span class='ocrx_word' id='word_1_241' title='bbox 178 3971 223 4035; x_wconf 90' lang='grc' dir='ltr'>Π.</span> <span class='ocrx_word' id='word_1_242' title='bbox 241 3964 349 4031; x_wconf 86' lang='grc' dir='ltr'>-Τί</span> <span class='ocrx_word' id='word_1_243' title='bbox 365 3955 415 4049; x_wconf 69' lang='grc' dir='ltr'>δίς</span> <span class='ocrx_word' id='word_1_244' title='bbox 431 3965 460 4029; x_wconf 84' lang='grc' dir='ltr'>ἐν</span> <span class='ocrx_word' id='word_1_245' title='bbox 479 3965 579 4047; x_wconf 79' lang='grc' dir='ltr'>τούτῳ</span> <span class='ocrx_word' id='word_1_246' title='bbox 599 3965 684 4028; x_wconf 79' lang='grc' dir='ltr'>πᾶσα</span> <span class='ocrx_word' id='word_1_247' title='bbox 702 3965 721 4034; x_wconf 77' lang='grc' dir='ltr'>η</span> <span class='ocrx_word' id='word_1_248' title='bbox 741 3949 920 4049; x_wconf 86' lang='grc' dir='ltr'>εὐδαιμονία</span> <span class='ocrx_word' id='word_1_249' title='bbox 938 3956 1039 4041; x_wconf 62' lang='grc' dir='ltr'>ἑστίη</span> 
     </span>
    </p>

    <p class='ocr_par' dir='ltr' id='par_1_15' title="bbox 123 4072 1279 4311">
     <span class='ocr_line' id='line_1_32' title="bbox 178 4072 1279 4184; baseline -0.012 -24"><span class='ocrx_word' id='word_1_250' title='bbox 178 4096 213 4164; x_wconf 84' lang='grc' dir='ltr'>Σ.</span> <span class='ocrx_word' id='word_1_251' title='bbox 229 4072 343 4171; x_wconf 74' lang='grc' dir='ltr'>-ίύς</span> <span class='ocrx_word' id='word_1_252' title='bbox 367 4115 402 4184; x_wconf 82' lang='grc' dir='ltr'>γε</span> <span class='ocrx_word' id='word_1_253' title='bbox 419 4091 479 4181; x_wconf 78' lang='grc' dir='ltr'>ἐγὼ</span> <span class='ocrx_word' id='word_1_254' title='bbox 498 4089 590 4181; x_wconf 79' lang='grc' dir='ltr'>λέγω,</span> <span class='ocrx_word' id='word_1_255' title='bbox 609 4081 633 4151; x_wconf 80' lang='grc' dir='ltr'><strong>ὦ</strong></span> <span class='ocrx_word' id='word_1_256' title='bbox 656 4089 758 4152; x_wconf 87' lang='grc' dir='ltr'>Πῶλε.</span> <span class='ocrx_word' id='word_1_257' title='bbox 776 4085 837 4152; x_wconf 82' lang='grc' dir='ltr'>Τὸν</span> <span class='ocrx_word' id='word_1_258' title='bbox 859 4083 912 4175; x_wconf 85' lang='grc' dir='ltr'>μὲν</span> <span class='ocrx_word' id='word_1_259' title='bbox 937 4078 995 4175; x_wconf 75' lang='grc' dir='ltr'>γὰρ</span> <span class='ocrx_word' id='word_1_260' title='bbox 1024 4080 1117 4146; x_wconf 84' lang='grc' dir='ltr'>καλὸν</span> <span class='ocrx_word' id='word_1_261' title='bbox 1144 4079 1279 4172; x_wconf 77' lang='grc' dir='ltr'>κᾴγαθὸν</span> 
     </span>
     <span class='ocr_line' id='line_1_33' title="bbox 123 4200 1278 4311; baseline -0.01 -24"><span class='ocrx_word' id='word_1_262' title='bbox 123 4210 224 4311; x_wconf 79' lang='grc' dir='ltr'>ἄνδρα</span> <span class='ocrx_word' id='word_1_263' title='bbox 238 4217 291 4286; x_wconf 88' lang='grc' dir='ltr'>καὶ</span> <span class='ocrx_word' id='word_1_264' title='bbox 305 4223 434 4311; x_wconf 82' lang='grc' dir='ltr'>γυναῖκα</span> <span class='ocrx_word' id='word_1_265' title='bbox 448 4206 614 4306; x_wconf 85' lang='grc' dir='ltr'>εὐδαίμονα</span> <span class='ocrx_word' id='word_1_266' title='bbox 628 4207 704 4278; x_wconf 85' lang='grc' dir='ltr'>εἷναί</span> <span class='ocrx_word' id='word_1_267' title='bbox 716 4235 813 4303; x_wconf 84' lang='grc' dir='ltr'>φημι·</span> <span class='ocrx_word' id='word_1_268' title='bbox 829 4209 879 4279; x_wconf 85' lang='grc' dir='ltr'>τὸν</span> <span class='ocrx_word' id='word_1_269' title='bbox 896 4201 930 4276; x_wconf 85' lang='grc' dir='ltr'>δὲ</span> <span class='ocrx_word' id='word_1_270' title='bbox 945 4200 1050 4276; x_wconf 87' lang='grc' dir='ltr'>σ’ίδικον</span> <span class='ocrx_word' id='word_1_271' title='bbox 1066 4209 1118 4275; x_wconf 88' lang='grc' dir='ltr'>καὶ</span> <span class='ocrx_word' id='word_1_272' title='bbox 1133 4209 1278 4302; x_wconf 76' lang='grc' dir='ltr'>πονηρὸν,</span> 
     </span>
    </p>
   </div>
   <div class='ocr_carea' id='block_1_9' title="bbox 126 4340 246 4413">
    <p class='ocr_par' dir='ltr' id='par_1_16' title="bbox 126 4340 246 4413">
     <span class='ocr_line' id='line_1_34' title="bbox 126 4340 246 4413; baseline -0.008 -3"><span class='ocrx_word' id='word_1_273' title='bbox 126 4340 246 4413; x_wconf 81' lang='grc' dir='ltr'>ἄθλιον.</span> 
     </span>
    </p>
   </div>
   <div class='ocr_carea' id='block_1_10' title="bbox 0 0 1410 4764">
    <p class='ocr_par' dir='ltr' id='par_1_17' title="bbox 0 0 1410 4764">
     <span class='ocr_line' id='line_1_35' title="bbox 0 0 1410 4764; baseline 0 0"><span class='ocrx_word' id='word_1_274' title='bbox 0 0 1410 4764; x_wconf 95' lang='lat' dir='ltr'> </span> 
     </span>
    </p>
   </div>
  </div>
 </body>
</html>
