2790 4770
639 313 769 376 *224
800 349 840 359 -

193 448 262 509 Lib.
285 449 308 522 Ι,
335 450 384 509 34.
408 482 448 494 -
476 470 489 504 ν
563 451 666 522 Quum
689 449 774 512 enim
789 470 846 529 par
870 427 1007 514 habetur
1021 453 1123 515 honos
1137 455 1271 516 summis
1286 463 1315 518 et

157 553 286 629 infimis,
315 552 369 634 qui
389 553 453 617 sint
474 553 505 615 in
526 554 613 616 omni
632 557 751 636 populo
780 575 910 620 neeesse
937 564 996 636 est,
1028 560 1099 640 ipsa
1113 557 1247 641 aequitas
1263 561 1318 623 ini-

159 664 312 744 quissima
328 667 399 726 m...
421 665 472 747 (u.
488 688 503 724 ν

196 773 266 834 Lib.
284 775 304 847 Ι,
334 775 383 834 36.
411 804 451 817 -
479 793 493 829 ιι
507 771 578 836 Sive
593 774 662 836 haee
683 777 723 837 ad
751 775 921 838 utilitatem
943 777 1015 841 vitae
1036 779 1211 843 constituta
1225 779 1320 843 sinta

159 878 357 959 principibus
365 897 472 941 rerum
482 879 695 959 publicarum,
713 888 812 945 utrex
833 890 997 962 putaretur
1011 904 1092 949 unus
1106 905 1174 949 rsse
1186 886 1318 961 incolo,

160 987 213 1068 qui
240 992 333 1061 nutu,
360 991 394 1047 ut
421 987 465 1048 ait
492 990 670 1065 Homerus,
708 995 812 1052 totum
835 991 1007 1073 Olympum
1032 1001 1232 1057 converteret
1260 994 1319 1075 (Ξ);

161 1093 309 1173 idemque
322 1100 354 1154 et
369 1111 422 1154 rex
435 1098 466 1154 et
481 1100 570 1172 pater
584 1093 628 1173 (3)
642 1095 816 1158 haberetur
832 1095 997 1173 omnium;
1018 1116 1132 1178 magna
1148 1076 1322 1161 auotoritas

161 1207 208 1265 est
230 1202 385 1280 multique
408 1206 551 1277 testes...,
570 1200 613 1264 ita
641 1203 836 1266 consensisse
861 1211 981 1284 genter,
1009 1204 1146 1267 decretis
1173 1205 1323 1269 videlieet

161 1308 352 1390 principum,
370 1307 449 1370 nihil
466 1327 533 1370 esse
560 1327 633 1388 rege
649 1309 771 1383 metius,
800 1310 951 1390 qnoniam
967 1313 1047 1373 [teos
1064 1329 1175 1375 omnes
1191 1320 1324 1376 censent

162 1416 254 1478 unius
270 1415 336 1496 regi
351 1416 481 1477 numine
499 1417 552 1497 (d).
569 1438 583 1474 ν
823 1497 825 1501 ,

203 1524 270 1586 Lib.
285 1525 308 1599 Ι,
323 1529 373 1586 [ιθ.
389 1557 430 1570 -
449 1523 658 1587 nAeeuratius
673 1525 751 1586 mihi
767 1525 940 1587 dicendum
957 1525 996 1587 de
1016 1526 1329 1612 commutationibus

163 1651 269 1696 rerum
287 1631 500 1712 publicarum,
524 1632 583 1694 etsi
607 1631 738 1693 minime
754 1633 862 1695 taeiies
879 1650 930 1695 eas
952 1631 985 1694 in
1000 1650 1037 1695 ea
1049 1633 1226 1714 Republica
1240 1637 1327 1698 tutu-

162 1759 212 1802 ras
226 1745 315 1819 puto.
332 1740 385 1820 (5).
401 1761 415 1798 ν
743 1804 745 1808 ,

203 1848 270 1910 Lib.
285 1850 309 1924 Ι,
325 1851 375 1909 45.
391 1887 426 1899 --
460 1869 474 1904 n
495 1848 585 1920 Quod
601 1847 643 1909 ita
663 1866 763 1927 quum
777 1848 827 1924 sit,
846 1866 883 1910 ex
902 1847 1005 1910 tribus
1019 1847 1131 1928 primis
1153 1852 1326 1930 generibus

163 1959 259 2036 longe>
270 1960 409 2036 praestat,
427 1973 496 2016 mea
511 1953 677 2028 sententia,
695 1957 819 2036 regium
835 1958 886 2035 (ri).

152 2124 155 2132 ,
203 2068 246 2126 Da
265 2063 405 2145 θερινοὶ,
426 2064 482 2124 lib.
510 2066 547 2138 ΙΙ,
567 2066 614 2125 λθ.
641 2100 680 2114 -
699 2087 713 2123 (ι
737 2067 816 2126 Nam
828 2072 962 2128 eentum
975 2071 1007 2127 et
1029 2072 1101 2129 eote
1117 2067 1218 2143 annia,
1238 2075 1327 2148 post-

154 2193 259 2255 quam
287 2177 447 2255 Lyeurgus
472 2174 557 2252 leges
581 2171 720 2235 seribere
741 2172 888 2249 instituit,
911 2173 1014 2254 prima
1028 2173 1130 2253 posita
1152 2180 1200 2238 est
1215 2177 1328 2257 Olym-

162 2487 252 2538 χοντοις
266 2470 314 2519 ἀπὸ
333 2469 432 2534 κυάμου
445 2469 617 2528 καθίστασθαι,
633 2467 770 2542 κνθερνὴτῃ
785 2466 811 2516 δὲ
826 2468 918 2532 μηδένα
935 2469 1010 2523 θέλειν
1024 2469 1160 2536 κεχρῆσθαι
1176 2474 1327 2539 κναμειίτῳ.

160 2557 196 2607 Cf.
209 2553 285 2616 thid,
299 2556 320 2616 1,
335 2559 358 2615 7,
373 2559 397 2606 3.
411 2554 445 2610 ΙΙ,
460 2558 484 2618 6,
500 2559 541 2605 38.
553 2581 584 2592 -
594 2557 674 2601 Sortes
682 2551 770 2602 ducere
780 2554 924 2620 plerumque
939 2553 1045 2604 dieitur:
1058 2555 1098 2604 sed
1109 2555 1175 2621 quod
1190 2555 1254 2608 dicit
1263 2570 1327 2608 sorte

161 2641 244 2691 diceros
258 2640 282 2689 id
296 2655 378 2689 rarum
391 2648 436 2698 est,
449 2637 561 2687 videlieet
578 2638 608 2687 de
622 2637 722 2688 homine
736 2638 845 2697 dietum,
862 2638 930 2703 eujus
945 2655 995 2688 sors
1010 2638 1068 2688 exit.
1087 2638 1171 2704 Neque
1185 2639 1257 2704 alibi,
1271 2641 1326 2707 opi-

164 2745 219 2788 nor,
231 2725 315 2775 Cicero
328 2723 360 2773 ita
375 2724 469 2772 loeutus
481 2731 531 2782 est;
543 2722 584 2770 sed
598 2722 623 2771 h.
634 2723 652 2772 l.
668 2720 744 2772 volrrit
756 2722 856 2772 reddere
867 2722 978 2789 Xenoph.
993 2724 1050 2772 κυὸ.
1062 2740 1170 2787 κυαμ-
1176 2722 1276 2772 Poetiea
1289 2724 1327 2773 io-

154 2801 280 2860 ‘outioest
289 2807 366 2872 Virg„
381 2806 488 2870 AEn.,11,
502 2809 560 2855 201.
572 2829 583 2846 ..
595 2805 707 2855 Laocoon
715 2803 799 2854 (laetus
809 2805 915 2871 Neptuni
925 2816 988 2854 sorta
1002 2805 1120 2856 sacerdos.
1132 2828 1144 2851 ν
1157 2806 1235 2857 -Vid
1245 2807 1324 2874 Epist.

158 2896 193 2953 ¹ad
209 2896 256 2956 Qu.
273 2893 328 2943 [rat.
341 2893 360 2953 Ι,
378 2896 400 2953 l,
416 2897 438 2942 3.
453 2914 463 2936 ιι
475 2890 620 2952 (λιιανλονειιν
635 2890 718 2950 habes,
735 2908 784 2940 non
799 2900 841 2940 tuo
853 2891 947 2956 judicio
961 2892 1098 2953 delectum,
1114 2891 1155 2941 sed
1175 2909 1239 2950 enm,
1255 2910 1325 2960 queue

160 3000 213 3038 sors
224 2979 301 3029 dedit.
316 3001 328 3022 ν
748 3039 750 3042 ⁴

196 3068 231 3129 (1)
250 3065 290 3115 Sic
304 3078 401 3130 prorsus
414 3062 485 3114 isoer.
499 3060 524 3109 in
537 3060 642 3109 Nicoeie.
652 3060 691 3108 ed.
707 3059 798 3124 Longu,
815 3076 838 3124 p.
854 3063 884 3109 3ss
897 3075 903 3107 τ
915 3059 977 3126 Περὶ
996 3060 1038 3123 μὲν
1056 3053 1099 3110 οὖν
1120 3059 1169 3110 τῶν
1189 3049 1323 3112 πολιτειῶν

163 3141 232 3211 οἶμαι
246 3145 306 3195 πᾶσι
322 3144 402 3193 δοκεῖν
416 3142 553 3192 δεινότατον
574 3140 617 3207 μὲν
639 3133 738 3190 εἶναιτὸ
753 3140 802 3188 τῶν
818 3140 899 3189 αὐτῶν
916 3137 1042 3196 ἀξιοῦσθαι
1059 3139 1118 3195 τοὺς
1133 3140 1262 3206 χρηστοὺς
1280 3141 1322 3191 καὶ

162 3232 220 3287 τοὺς
233 3229 360 3295 πονηρούς.

195 3317 232 3380 (2)
249 3313 302 3363 Vid.
316 3313 398 3372 Hom,
412 3309 495 3370 diat,
508 3310 528 3371 l,
545 3314 610 3360 530:
629 3348 634 3358 .
646 3348 652 3361 .
664 3347 670 3360 .
682 3311 786 3377 ..μέγαν
805 3311 826 3358 θ’
842 3311 941 3366 ἐλέλιξεν
956 3312 1098 3373 Ὄλυμπον.

197 3401 232 3465 (3)
251 3400 317 3457 Hor,
332 3401 392 3456 Son,
406 3395 440 3451 ll,
462 3397 482 3450 1,
498 3397 537 3443 42.
556 3416 568 3438 «
585 3394 686 3462 Opoter
703 3405 725 3442 et
744 3412 787 3441 rea·
804 3393 927 3459 Jupiter...
946 3417 958 3435 ν
972 3420 1001 3430 -
1019 3393 1082 3442 Hine
1095 3392 1192 3459 Jupiter
1204 3394 1323 3445 omnibus

161 3482 295 3535 eommrmis
311 3481 436 3543 πάνδημος
461 3477 602 3544 appellatus,
625 3479 691 3544 quod
708 3477 801 3526 nummi
823 3486 915 3526 veteres
933 3485 1036 3541 arguunt
1059 3477 1193 3542 (Creuzer).
1210 3506 1244 3514 -
1264 3477 1321 3528 vid.

162 3570 268 3622 Leniron
283 3584 305 3616 ν.
320 3565 388 3621 ἅναξ.

196 3656 231 3720 (λ)
251 3653 287 3703 Gi.
303 3651 383 3710 Iseon,
397 3649 464 3704 Nic..
481 3665 505 3715 p.
521 3651 568 3698 ¹¹0:
582 3649 609 3696 Ei
626 3648 652 3696 δὲ
671 3648 706 3697 δεῖ
725 3665 748 3696 τι
763 3646 865 3695 καὶτῶν
879 3646 987 3712 ἀρχαίων
1002 3647 1087 3708 εἰπεῖν,
1103 3647 1199 3711 λέγεται
1209 3648 1323 3702 καὶτοὺς

144 3755 148 3761 ’
163 3740 232 3796 θεοὺς
246 3739 293 3787 ὑπὸ
306 3737 362 3791 Διὸς
373 3734 556 3800 βασιλεύεσθαι·
566 3732 621 3798 περὶ
637 3725 669 3780 ὧν
688 3733 707 3780 εἰ
722 3731 764 3795 μὲν
778 3731 873 3792 ὀλίγος
886 3731 975 3789 ἀληθής
991 3729 1053 3791 ἐστι,
1066 3731 1138 3791 δῆλον
1157 3733 1196 3782 ὅτι
1207 3733 1322 3798 κᾴκεῖνον

160 3826 251 3884 ταύτην
268 3825 311 3882 τὴν
327 3817 478 3870 κατάστασιν
490 3819 678 3885 προκρίνουσιν·
701 3818 721 3866 εἰ
737 3816 763 3865 δὲ
779 3816 807 3866 τὸ
828 3816 871 3880 μὲν
889 3815 965 3880 σαφὲς
980 3816 1058 3872 οὐδεὶς
1070 3808 1145 3878 οίδεν,
1161 3817 1234 3867 αὐτοὶ
1248 3818 1275 3866 δὲ
1289 3819 1323 3866 ελ-

159 3911 274 3969 κσίζοντες
289 3907 355 3958 οὕτω
368 3905 422 3971 περὶ
436 3905 517 3953 αὐτῶν
532 3902 707 3966 ὑπειλήφαμεν,
722 3901 837 3964 σημεῖον,
854 3901 893 3949 ὅτι
907 3901 998 3957 πάντες
1013 3903 1055 3961 τὴν
1077 3904 1212 3969 μοναρχίαν
1234 3921 1321 3971 προπι-

162 3999 256 4061 μῶμεν.

194 4082 229 4146 (5)
248 4077 286 4128 Cf.
303 4075 375 4134 Plau,
390 4072 452 4132 Cin,
468 4069 522 4118 vtlt
535 4087 541 4120 :
553 4067 665 4119 Χαλεπὸν
680 4067 722 4132 μὲν
737 4068 862 4126 κινηθῆναι
876 4068 944 4117 πόλιν
963 4067 1029 4118 οὕτω
1046 4068 1182 4124 ξνστᾶσαν.

192 4165 229 4228 (6)
249 4146 285 4210 Cf:
305 4159 374 4214 Plan,
392 4156 417 4204 iu
435 4152 677 4219 Ροίὶι.;1λΙοναρχία
694 4151 822 4217 (ταχθεῖσα
836 4150 879 4216 μὲν
896 4150 921 4199 ἐν
939 4150 1081 4217 γράμμασιν
1099 4152 1209 4217 ἀγαθοῖς,
1224 4152 1268 4212 οὓς
1281 4156 1321 4205 νί-

161 4268 223 4315 μονς
233 4249 348 4311 λέγομεν,
363 4244 450 4310 ἀρίστη
463 4239 559 4289 πασῶν.

156 4386 159 4392 ,
194 4333 229 4381 (tt.
243 4331 317 4381 etiam
330 4330 399 4378 Hom.
415 4324 565 4376 uotis-imum
580 4323 638 4372 iliud
648 4339 653 4372 :
663 4322 717 4372 Οὐκ
727 4322 817 4385 ἀγαθὸν
834 4323 1020 4389 πολυκοιρανίη,
1031 4316 1065 4380 είς
1078 4324 1193 4391 κοίρανος
1206 4323 1282 4376 ἔστω.
