2790 4770
540 338 739 400 -189-

539 532 617 600 Epic„
634 532 665 581 de
679 533 731 583 rin.
782 522 786 528 ⁶

108 651 157 715 Οὐ
176 647 235 742 γὰρ
255 651 351 743 ἔγωγε
376 640 511 741 δύναμαι
529 659 634 724 νοὴσαι
661 647 810 744 τάγαθὸν,
838 648 975 740 ἀφαιρῶν
1002 647 1055 739 μὲν
1085 645 1141 725 τὰς
1161 641 1215 714 διὰ

55 787 117 843 τῶν
144 785 247 870 χυλῶν
270 768 396 862 ἡδονὰς,
416 776 551 868 ἀφαιρῶν
577 767 690 854 δὲτὰς
715 766 757 842 δι’
785 764 987 868 ἀφροδισίων,
1012 774 1146 867 ἀφαιρῶν
1175 766 1210 841 δὲ

55 901 111 982 τὰς
124 894 167 969 δι’
188 903 406 996 ἀκροαμάτων,
422 900 557 996 ἀφαιρῶν
574 894 610 970 δὲ
631 901 688 983 τὰς
705 894 758 969 διὰ
779 910 897 994 μορφὴς
919 891 991 969 κατ’
1014 897 1083 991 ὄψιν
1106 894 1213 982 ἡδείας

53 1032 185 1106 κινήσεις
190 1074 272 1093 .....

432 1176 493 1235 cic„
512 1173 650 1237 Proculam„
666 1173 708 1240 Ill,
724 1191 778 1242 oap.
797 1179 836 1225 18.

93 1301 106 1327 ι
117 1279 177 1335 Neo
192 1276 322 1351 equidem
341 1276 445 1346 habeo,
460 1277 535 1352 quod
554 1277 707 1351 intelligam
722 1270 829 1334 bonum
843 1276 926 1345 iliud,
939 1277 1088 1335 detrahens
1103 1295 1152 1336 eas
1167 1297 1214 1338 vo·

53 1368 186 1452 luptatee,
200 1382 262 1440 quae
276 1383 373 1439 sopore
388 1367 592 1440 percipiuntur,
610 1366 757 1425 detrahens
769 1384 827 1436 ees,
843 1383 905 1440 quae
919 1367 1013 1452 auditu
1030 1377 1059 1425 et
1071 1371 1215 1438 cantibus3

53 1456 205 1514 detrahens
227 1473 275 1515 eae
294 1457 397 1527 etiam,
412 1473 474 1531 quae
494 1473 526 1514 ex
551 1457 647 1514 sororis
663 1457 853 1530 percipiuntur
872 1457 975 1529 oeulis,
999 1461 1214 1519 suavesmotio·

54 1562 106 1603 nes
108 1582 203 1602 ......
220 1568 233 1595 ν

516 1868 595 1934 Epio,
609 1869 635 1917 ιἰι
653 1871 755 1919 Terram.

111 1968 160 2053 Εκ
183 1975 220 2051 δὲ
245 1991 306 2051 τῶν
327 1985 510 2077 γιγνομένων
543 1975 705 2077 προσόδων
737 1995 798 2052 τῶν
837 1975 1013 2076 δεδομένων
1046 1985 1098 2077 ἀφ’
1129 1992 1215 2078 ἡμῶν

55 2095 259 2200 Ᾱμυνομοίχῳ
280 2108 332 2175 καὶ
350 2106 551 2202 Τιμοκροίτει,
578 2105 662 2175 κατὰ
687 2111 721 2174 τὸ
745 2100 878 2174 δυνατὸν
900 2100 1123 2201 μεριζέσθωσαν
1149 2109 1216 2202 μεθ’

10 2222 13 2333 ἶ
56 2226 207 2330 Ἐρμοίχου
232 2238 433 2329 σκοπούμενοι
452 2234 492 2314 είς
517 2261 551 2303 τε
571 2232 610 2303 τά
633 2234 830 2330 ἐναγίσματα
854 2244 897 2322 τῷ
929 2263 962 2304 τε
991 2237 1087 2328 πατρὶ
1106 2237 1157 2305 καὶ
1177 2249 1216 2333 τῇ

57 2359 155 2453 μητρὶ
172 2361 225 2428 καὶ
248 2368 311 2439 τοῖς
336 2353 493 2453 ἀδελφοῖς,
519 2359 571 2427 καὶ
589 2365 672 2453 ἡμῖνΙ
686 2359 726 2439 είς
752 2362 808 2434 τὴν
824 2360 993 2454 εἰθισμένην
1013 2357 1142 2456 ἀρεσθαι
1163 2388 1216 2457 γε·

56 2485 174 2553 νέθλιον
188 2488 304 2578 ἡμέραν
317 2484 447 2554 ἑκάστου
466 2488 565 2565 ἔτους,
585 2498 623 2582 τῇ
643 2488 776 2579 προτέρα
792 2477 909 2580 δεκάτρ
927 2497 981 2556 τοῦ
1003 2494 1211 2581 γαμηλιῶνος.

57 2594 148 2680 (iore
169 2614 221 2679 καὶ
241 2613 282 2693 εἰς
301 2613 559 2709 ιὴνγιγνομένην
590 2602 716 2679 σύνοδον
736 2609 867 2679 ἑκοίστου
897 2613 988 2703 μηνὸς
1020 2618 1086 2692 ταῖς
1116 2613 1216 2680 εἰκάσι
1252 2617 1255 2621 ’

61 2748 124 2805 τῶν
146 2740 455 2831 συμφιλοσοφοίντων
482 2743 553 2830 ἡμῖν
583 2734 623 2815 εἰς
648 2739 703 2811 τὴν
731 2742 820 2829 ἡμῶν
848 2761 882 2803 τε
913 2737 964 2803 καὶ
999 2729 1216 2831 Μητροδώρου
1264 2822 1269 2830 Ι

57 2866 349 2957 κατατεταγμένην.

459 3045 522 3104 Cio,
539 3042 570 3093 de
584 3045 648 3107 ror,
663 3043 693 3103 11,
709 3061 763 3111 cap.
778 3047 819 3095 31.

98 3170 114 3203 ι
123 3151 166 3207 Ut
178 3149 406 3223 Amynomachus
425 3158 452 3206 et
464 3149 645 3216 Timocrates,
660 3146 776 3204 heredes
790 3146 845 3213 sui,
861 3146 895 3203 de
910 3147 1062 3204 Hermaohi
1083 3149 1220 3206 sententia

58 3240 140 3309 dent,
154 3238 227 3311 quod
239 3239 306 3296 sotis
319 3239 355 3295 sit
366 3237 401 3295 od
412 3236 485 3295 diem
501 3237 640 3312 agendum
653 3237 867 3305 natalemsuum
884 3237 1048 3309 quotannis,
1062 3253 1158 3293 mense
1171 3255 1220 3312 go·

58 3328 198 3397 moiioo03
212 3327 333 3401 itemquo
348 3327 478 3385 omnibus
500 3327 659 3397 mensibus,
673 3325 805 3383 vicesimo
820 3324 865 3382 die
880 3324 970 3392 iunae,
992 3324 1059 3382 dent
1074 3325 1109 3383 ad
1123 3342 1220 3384 eorum

57 3416 174 3489 epulas,
187 3417 235 3489 qui
249 3434 304 3474 una
321 3433 416 3496 seeum
432 3416 617 3489 philosophati
632 3416 705 3486 sint,
720 3423 752 3472 ut
766 3422 794 3472 et
808 3414 848 3471 sui
869 3422 896 3471 ot
913 3413 1061 3472 Metrodori
1075 3407 1221 3473 'memoria

57 3506 180 3563 ooiatrrr.
197 3529 211 3555 v

494 3801 572 3868 Epio,
586 3802 664 3871 Epist.
679 3799 713 3848 ad
728 3805 793 3850 Men.

114 3921 185 3985 Οὐκ
203 3918 284 3987 ἔστιν
300 3909 396 3995 ἡδέως
413 3909 466 4012 ζῇν
487 3913 556 3984 ἀνευ
577 3927 632 3986 τοῦ
648 3915 802 4011 φρονίμως
814 3917 866 3984 καὶ
888 3923 990 3996 καλῶς
1005 3917 1057 3984 καὶ
1071 3908 1217 3995 δικαίως·

58 4034 138 4111 οὐδὲ
155 4039 307 4133 φρονίμως
324 4038 375 4107 καὶ
393 4047 493 4118 καλῶς
515 4039 567 4108 καὶ
588 4033 726 4124 δικαίως,
751 4040 821 4106 ἀνιῶ
843 4051 899 4108 τοῦ
924 4032 1035 4119 ἡδέως.
1060 4041 1221 4132 Συμπεφί-

59 4192 135 4233 κιισι
153 4162 212 4260 γὰρ
231 4164 263 4232 αἱ
280 4164 388 4256 ἀρεταὶ
408 4172 452 4252 τῷ
471 4159 523 4259 ζῇν
544 4156 654 4251 ἡδέως,
675 4166 726 4232 καὶ
753 4166 790 4232 τὸ
809 4157 864 4259 ζὴν
879 4156 977 4244 ἡδέως
998 4168 1115 4233 τούτων
1140 4163 1219 4231 ἐστὶν

60 4294 253 4387 ἀχώριστον.
