2790 4770
649 334 850 398 -116-

165 487 298 550 musque
319 471 498 552 castigator.
523 475 674 537 Summus
696 480 806 537 tamen
826 474 934 553 epieus
958 480 1055 554 poeta
1072 474 1113 557 (l)
1132 477 1208 540 alli.
1224 475 1332 538 Tullio

165 579 293 643 ducitur
310 599 317 643 ε
344 581 398 644 hic
416 588 510 663 auget
524 601 593 648 rem
614 584 791 660 laudando;
806 583 860 646 ille
874 584 1043 649 vehemens
1066 591 1113 649 est
1127 582 1332 663 invitupera-

166 687 298 752 tionem.

202 798 312 861 Robur
326 803 357 861 et
372 797 554 878 superbiam
576 816 649 861 vere
669 794 833 863 ro'manam
859 818 974 879 praese
993 801 1056 864 fert
1078 801 1250 863 Annalium
1273 819 1330 880 pa·

161 907 230 972 triae
244 907 397 987 scriptor3
429 906 637 988 quamobrem
665 906 772 970 mirari
796 908 979 971 desinamus
994 927 1065 990 quae
1093 927 1188 972 cansa
1204 907 1246 972 sit
1273 927 1330 972 cur

166 1016 286 1081 llnnius
305 1023 395 1081 tanto
411 1015 444 1079 in
463 1018 584 1080 bonore
608 1015 705 1080 fuerit
719 1035 819 1098 usque
843 1019 883 1080 ad
906 1017 1066 1081 Ciceronis
1080 1000 1217 1080 aetatem.
1235 1020 1331 1080 Gran·

162 1125 311 1207 diloquus
332 1126 371 1207 (2)
393 1134 426 1190 et
442 1127 544 1207 gravis
565 1130 596 1188 et
621 1124 728 1206 epicus
741 1131 807 1202 est;
831 1148 845 1184 n
861 1145 965 1208 neque
980 1125 1118 1190 discedit
1132 1145 1151 1189 a
1164 1127 1329 1190 communi

161 1249 252 1295 more
276 1232 445 1295 verborum
471 1231 545 1311 (3)o
579 1233 670 1308 :sed,
696 1231 872 1313 utpotequi
896 1234 1049 1295 multaab
1073 1234 1214 1297 Homero
1233 1232 1330 1314 tragi-

161 1340 270 1420 cisqne
291 1336 487 1403 transtulerit
509 1338 565 1421 (d),
587 1339 621 1401 in
643 1339 855 1403 collocatione
878 1359 993 1404 vocum
1011 1341 1112 1404 haeret
1140 1338 1340 1421 impeditus,-

160 1451 192 1509 et
219 1445 361 1526 operosis
389 1442 730 1507 circumlocutionibus
756 1443 876 1508 utitur:
906 1445 1115 1527 interpretem
1139 1445 1227 1508 enim
1259 1464 1328 1510 sese

159 1551 229 1632 ipse
246 1559 278 1616 et
294 1551 489 1616 imitatorem
510 1551 625 1634 arguit.
651 1553 816 1616 Interdum
839 1550 936 1616 etiam

341 1752 613 1769 ..........
634 1710 782 1771 Professus
795 1711 912 1787 grandia
924 1719 1031 1787 turget,

163 1881 198 1939 ut
226 1892 311 1955 saepe
338 1876 373 1937 lit
397 1872 481 1936 inter
505 1872 584 1953 ipsa.
601 1873 828 1954 cujuscumque
852 1873 1011 1936 nascentis
1025 1873 1159 1953 poetieae
1172 1874 1326 1953 pericula,

163 2005 262 2066 qnum
289 1986 424 2065 quisque
451 1983 629 2046 carminum
650 1988 762 2046 auctor
775 1981 840 2045 vim
865 1981 1003 2062 dicendi,
1020 1980 1250 2047 sublimitatem
1266 2002 1328 2047 ma-

162 2094 443 2179 gnificentiamque
471 2090 624 2173 sequitur.
647 2094 761 2155 Postea
788 2097 893 2156 autem
917 2090 1097 2156 mollissimi
1111 2090 1328 2175 depinguntur

161 2206 295 2268 allectus
308 2200 424 2265 animi:
446 2199 606 2280 siquidem
632 2204 705 2262 ante
721 2199 887 2263 Racinium
914 2199 1041 2263 excellit
1058 2201 1185 2281 ingenio
1210 2202 1328 2266 Gorne-

163 2314 234 2376 lius.

200 2421 378 2498 Utcumque
396 2413 490 2479 llnnii
516 2392 665 2478 virtutem
692 2414 908 2493 aestimaveris,
933 2415 1047 2480 melior
1075 2415 1132 2480 tibi
1162 2415 1327 2481 videbitur

163 2526 216 2589 ille
240 2524 434 2589 versificator
464 2541 560 2604 quam
585 2529 691 2603 poeta.
724 2526 759 2586 ln
777 2524 838 2587 boc
867 2523 953 2586 enim
987 2526 1075 2587 omni
1094 2525 1189 2587 laude
1219 2543 1328 2588 cumu-

163 2635 275 2698 landus
290 2639 358 2698 est:
379 2635 552 2712 «Namque
570 2632 617 2708 (ut
631 2630 759 2713 scripsit
783 2633 964 2712 Muellerus)
988 2633 1023 2715 (5)
1038 2652 1163 2697 versum
1193 2634 1326 2714 longum

166 2741 400 2825 «dactylicum,
425 2758 521 2820 quem
551 2738 682 2802 incertae
711 2737 873 2819 originisa
890 2741 1006 2803 Grecis
1032 2746 1141 2805 tamen
1156 2732 1326 2805 inventum

166 2852 344 2934 «princeps
365 2846 546 2913 nobilitavit
572 2850 739 2923 Homerus,
764 2849 979 2911 Romanorum
1004 2851 1142 2930 poeticae
1156 2850 1326 2930 latinaeque

167 2959 310 3041 «linguae
337 2962 372 3033 Ο.
397 2957 515 3020 Ennius
540 2955 672 3020 Calaber
698 2954 832 3018 addidit.
857 2959 946 3018 ldem
980 2964 1012 3020 et
1034 2957 1172 3019 disticha
1198 2957 1324 3036 primus

168 3066 377 3147 «composuit
394 3068 444 3145 (6).
468 3087 484 3124 r
505 3098 540 3111 -
564 3066 667 3145 Atque
682 3062 726 3126 ita
752 3085 766 3121 a
787 3082 884 3126 novas
911 3071 1006 3145 atque
1035 3063 1173 3145 integras
1189 3063 1327 3146 poeticae

198 3279 234 3343 (1)
249 3277 302 3328 dic.
319 3279 375 3347 opt.
385 3291 443 3343 geu.
458 3283 519 3324 orat·
535 3276 547 3325 l
563 3281 588 3323 et
602 3275 625 3324 2.

200 3365 237 3430 (2)
256 3362 297 3413 Sic
309 3362 405 3413 orditur
419 3378 425 3410 ι

415 3464 503 3507 Horrida
512 3457 643 3505 Romulidum
654 3462 769 3504 cennmina
781 3474 847 3514 pango
858 3463 975 3504 duellum...

199 3566 236 3631 (3)
255 3567 322 3614 Orat.
337 3561 379 3622 x1,
395 3564 436 3613 36.
448 3588 480 3598 -
492 3556 600 3610 Ennium
614 3567 695 3609 tamen
711 3557 797 3610 Cicero
809 3559 864 3625 jure
878 3558 1053 3627 reprehendit,
1069 3559 1136 3626 qnod
1149 3574 1200 3610 non
1213 3558 1328 3611 vitaverit

166 3652 273 3721 ejusdem
287 3649 373 3700 litterae
382 3646 483 3696 nimiam
500 3643 682 3705 assiduitatem
698 3642 738 3695 eui
751 3644 811 3694 vilio
826 3661 907 3695 versus
921 3644 963 3695 hic
977 3643 1023 3694 erit
1037 3643 1165 3711 exemplo:

471 3751 550 3801 orlac,
561 3755 615 3801 tute,
626 3753 682 3801 Tati,
695 3750 734 3792 tlbl
744 3755 802 3794 tanta
814 3756 902 3802 tyranne
917 3750 1004 3793 tullstel.

200 3856 236 3921 (l)
254 3857 291 3904 De
302 3851 346 3916 fin.
359 3851 379 3913 l,
392 3855 417 3913 3,
433 3852 457 3901 l.

195 3940 235 4009 (5)
250 3942 322 3989 Derc
336 3945 389 3986 met.
406 3935 449 3985 lib.
464 3932 484 3997 I,
498 3951 524 4001 p.
536 3935 578 3997 65,
592 3931 688 3999 Lipsiae,
705 3934 779 3984 1856.

198 4026 235 4091 (e)
253 4023 365 4090 Eloginm
377 4021 408 4072 ab
422 4020 475 4087 ipso
487 4019 606 4086 scriptum
618 4036 624 4068 :

404 4127 517 4178 adspicite,
526 4125 631 4174 deciscis,
642 4124 698 4165 senis
707 4122 772 4165 Ennll
781 4121 878 4173 imagini·
890 4121 979 4162 termam
990 4134 996 4162 ε

459 4191 510 4232 liele
520 4193 611 4229 vostrum
625 4187 698 4238 panxit
709 4194 806 4226 maxumo
816 4186 869 4225 tacta
880 4189 971 4234 patrum.

401 4258 465 4298 Nemo
476 4264 510 4294 rne
519 4250 631 4292 iacrumeis
639 4253 730 4297 decoret,
741 4259 779 4289 nec
788 4248 860 4289 lunera
869 4251 919 4288 lletn

456 4315 522 4358 Faxlt·
536 4315 613 4366 Quurt
624 4312 688 4354 vollto
696 4310 751 4351 vlvo'
765 4320 802 4359 per
812 4320 849 4350 ora
858 4309 937 4350 virum.

706 4371 751 4414 cle.
763 4373 826 4414 Tuae·
839 4373 855 4420 l.
868 4380 904 4420 ιη
915 4372 1035 4414 deteneat·
1047 4381 1082 4415 ao.
