2790 4770
629 378 829 442 -144-

150 533 262 624 γομένη
286 534 400 606 κινη’σει
416 521 504 621 πέριξ
523 525 620 604 αύτάς
639 521 746 611 έλαύε,
777 529 903 595 καὶτὸν
925 528 977 620 μὲν
999 521 1069 616 ἔξω,
1090 535 1143 596 τὸν
1172 521 1199 593 δ’
1225 532 1310 607 ε’ντὸς

152 655 284 720 ἐποιεῖτο
303 660 366 719 τῶν
382 653 513 721 κύκλων.
529 655 593 726 Την
611 651 666 743 μὲν
683 648 734 718 οὖν
755 644 812 728 ἔξω
832 648 926 744 φορὰν
947 653 1130 743 ἐπεφύμισεν
1160 647 1235 718 εἶναι
1253 661 1309 729 τῆς

153 781 270 846 ταύτοῦ
289 780 414 872 φύσεως,
436 781 491 853 την
508 768 536 843 δ’
551 778 636 855 ἐντὸς
652 786 709 853 τῆς
725 775 863 868 θατέρου.
884 779 948 849 Την
965 776 1017 866 μέν
1037 767 1076 850 δη
1096 779 1211 843 ταύτοῦ
1225 774 1310 844 κατὰ

152 900 284 996 πλευρὰν
311 901 361 970 ἐπὶ
381 893 467 979 δεξιὰ
490 905 668 996 περιήγαγε,
694 903 748 975 τὴν
764 891 800 967 δὲ
820 899 948 992 θατέρου
971 895 1055 967 κατά
1072 892 1238 993 διάμετρον
1258 906 1308 968 ἐπ’

154 1029 308 1123 ἀριστερά.
328 1026 452 1121 Κροίτος
468 1014 499 1093 δ’
528 1019 623 1094 ἔδωκε
651 1037 689 1120 τῆ
719 1026 838 1094 ταύτοῦ
858 1028 910 1092 καὶ
926 1024 1031 1118 ὁμοίου
1047 1031 1215 1120 περιφορᾷ·
1237 1024 1311 1118 μίαν

153 1149 212 1248 γὰρ
231 1155 323 1226 αὐτὴν
338 1147 485 1244 ἀσχιστον
506 1152 598 1231 εἴασε,
618 1154 675 1225 την
695 1141 725 1214 δ’
741 1147 824 1228 ἐντός
844 1150 952 1243 σχίσας
968 1142 1063 1241 ἑξαχῆ
1082 1148 1163 1218 ἑπτὰ
1181 1153 1311 1228 κύκλους
1389 1214 1394 1224 ,

155 1275 274 1356 ἀνίσους
292 1274 375 1344 κατὰ
394 1280 449 1352 τήν
464 1287 517 1344 τοῦ
537 1269 700 1344 διπλασίου
715 1276 765 1342 καὶ
779 1273 959 1365 τριπλασίου
977 1267 1139 1342 διάστασιν
1156 1272 1308 1356 ἑκοίστην,

155 1408 250 1470 οὐσῶν
272 1403 422 1495 ἑκατέρων
448 1409 549 1494 τριῶν,
575 1398 658 1468 κατά
683 1402 829 1468 τάναντία
858 1401 911 1492 μὲν
941 1402 1086 1479 ἀλληλοις
1120 1393 1308 1494 προσέταξεν
1340 1472 1344 1479 ,

156 1527 228 1595 ἰέναι
265 1528 336 1606 τοὺς
368 1505 508 1612 κύκλους,
542 1527 629 1619 τάχει
660 1517 696 1594 δὲ
729 1534 810 1619 τρεῖς
846 1527 899 1619 μὲν
926 1525 1061 1619 ὁμοίους,
1088 1526 1158 1606 τοὺς
1184 1517 1220 1593 δὲ
1240 1527 1318 1593 τέτ·

156 1678 252 1748 ταρας
284 1654 428 1732 ἀλληλοις
459 1650 510 1719 καὶ
539 1659 603 1730 τοῖς
637 1651 732 1746 τρισὶν
767 1650 928 1744 ἀνομοίως,
958 1653 989 1720 ἐν
1009 1652 1092 1744 λόγῳ
1122 1643 1157 1718 δὲ
1187 1653 1315 1746 φερομέ·

155 1804 237 1858 νους.

213 1890 317 1969 VIII.
348 1889 425 1971 Επεὶ
450 1893 485 1968 δὲ
508 1903 592 1969 κατὰ
614 1913 681 1970 νοῶν
700 1909 745 1987 τῷ
771 1895 948 1980 ξυνιστάντι
978 1906 1064 1970 πάσα
1091 1909 1110 1978 ἡ
1138 1911 1194 1981 τῆς
1214 1898 1317 1994 ψυχῆς

158 2023 299 2109 ξύστασις
321 2029 491 2124 ἐγεγένητο,
511 2026 591 2120 μετὰ
612 2039 702 2097 τοῦτο
731 2033 792 2096 πᾶν
821 2029 857 2095 τὸ
876 2018 1084 2121 σωματοειδὲς
1104 2027 1191 2105 ἐντὸς
1220 2029 1319 2104 αὐτῆς

158 2152 349 2221 ἐτεκταίνετο
368 2153 419 2220 καὶ
435 2153 523 2244 μέσον
540 2156 616 2247 μέση
635 2146 811 2249 ξυναγαγὼν
826 2159 1066 2248 προσηρμοττεν.
1084 2137 1155 2219 Ηδ
1170 2155 1203 2220 ἐκ
1222 2153 1318 2245 μέσου

159 2279 235 2371 πρὸς
250 2280 304 2346 τὸν
321 2278 451 2369 ἔσχατον
467 2278 592 2372 οὐρανὸν
605 2276 708 2352 πάντη
725 2270 924 2347 διαπλεκεῒσα
935 2282 1038 2367 κύκλῳ
1052 2305 1085 2348 τε
1099 2279 1193 2345 αὐτὸν
1210 2268 1319 2354 ἔξωθεν

159 2399 394 2498 περικαλύψασα
411 2403 489 2476 αὐτη
505 2406 534 2469 ἐν
549 2407 627 2498 αὑτῇ
643 2405 831 2497 στρεφομένη
847 2401 928 2472 θείαν
944 2405 1040 2499 ἀρχὴν
1055 2397 1173 2497 ἤρξατο
1199 2400 1320 2469 ἀπαύο·

159 2556 214 2598 του
235 2528 286 2596 καὶ
304 2528 450 2622 ἔμφρονος
478 2527 546 2612 βίου
566 2528 639 2619 πρὸς
663 2531 716 2596 τὸν
736 2522 899 2622 ξύμπαντα
920 2529 1038 2621 χρόνον.
1065 2528 1128 2595 Καὶ
1141 2527 1177 2594 τὸ
1200 2526 1253 2615 μὲν
1278 2516 1318 2594 δὴ

158 2664 246 2748 σῶμα
265 2653 372 2744 ὁρατὸν
388 2657 516 2743 οὐρανοῦ
537 2654 669 2748 γέγονεν,
691 2657 769 2727 αὐτη
800 2645 835 2721 δὲ
858 2654 990 2746 ἀόρατος
1018 2654 1085 2747 μὲν,
1110 2658 1261 2746 λογισμοῦ
1283 2639 1319 2715 δὲ

158 2782 330 2875 μετέχουσα
345 2777 397 2846 καὶ
425 2777 570 2872 ἁρμονίας
594 2775 690 2871 ψυχὴ,
709 2787 769 2846 τῶν
788 2790 902 2854 νοητῶν
933 2778 979 2846 ἀεί
1003 2805 1037 2845 τε
1057 2780 1153 2848 όντων
1177 2776 1236 2844 ὑπὸ
1260 2783 1320 2840 τοῦ

156 2906 282 3000 ἀρίστου
298 2904 406 2998 ἀρίστη
423 2906 567 2998 γενομένη
589 2913 650 2969 τῶν
670 2903 880 2996 γεννηθέντων.
905 2888 967 2970 Ᾰτε
987 2899 1036 2970 οὖν
1062 2909 1096 2970 ἐκ
1121 2912 1176 2980 τῆς
1195 2902 1311 2967 ταύτοῦ

158 3031 210 3096 καὶ
233 3040 288 3107 τῆς
307 3029 431 3119 θατέρου
461 3028 635 3119 φύσεωςέκ
653 3053 685 3094 τε
706 3027 822 3114 οὐσίας,
841 3039 932 3122 τριῶν
961 3018 1080 3094 τούτων
1106 3025 1312 3121 συγκραθεῖσα

159 3159 282 3245 μοιρῶν,
297 3150 348 3217 καὶ
369 3147 427 3215 ἀνὰ
443 3149 542 3243 λόγον’
558 3149 732 3242 μερισθεῖσα
757 3149 808 3216 καὶ
826 3141 1003 3227 ξυνδεθείσα
1027 3154 1106 3224 αὐτό
1136 3174 1169 3216 τι
1198 3148 1312 3216 ἀνακυ-

157 3276 307 3368 κλουμένη
327 3274 402 3365 πρὸς
422 3275 529 3355 αύτην,
549 3276 623 3340 όταν
644 3271 748 3340 οὐσίαν
769 3265 943 3349 σκεδαστὴν
963 3272 1087 3365 ἔχοντός
1107 3297 1189 3351 τινος
1210 3271 1313 3361 ε’φάπ-

158 3426 251 3475 τηται
265 3398 317 3467 καὶ
331 3400 404 3466 όταν
428 3398 604 3490 ἀμέριστον,
631 3401 713 3493 λέγει
729 3402 887 3492 κινουμένη
910 3391 964 3466 διὰ
983 3399 1085 3479 πάσης
1103 3403 1227 3479 ἑαυτῆς,
1247 3399 1314 3485 ὅτῳ

160 3531 187 3593 τ’
202 3521 238 3592 ἀν
257 3551 288 3591 τι
306 3525 416 3592 ταύτὸν
433 3521 452 3596 ἦ
470 3522 523 3590 καὶ
541 3527 614 3592 ὅτου
631 3520 665 3590 ἀν
685 3528 798 3617 ἕτερον,
819 3524 895 3618 πρὸς
909 3525 957 3592 ότι
977 3551 1011 3590 τε
1031 3521 1231 3616 μάλιστακαὶ
1250 3525 1312 3594 ὅπη

160 3652 211 3720 καὶ
222 3653 304 3729 ὅπως
323 3650 374 3716 καὶ
393 3648 487 3716 ὁπότε
503 3642 659 3742 ξυμόαίνει
683 3647 764 3717 κατὰ
782 3647 820 3718 τά
836 3647 1000 3744 γιγνόμενά
1020 3674 1053 3715 τε
1086 3650 1161 3743 πρὸς
1180 3649 1314 3715 ἕκαστον

161 3779 278 3844 έκαστα
298 3770 372 3841 εἶναι
392 3773 444 3840 καὶ
464 3773 591 3866 πάσχειν
616 3775 668 3842 καὶ
693 3776 769 3869 πρὸς
797 3772 838 3842 τὰ
866 3773 950 3843 κατὰ
981 3773 1082 3842 ταύτά
1108 3774 1223 3866 ἔχοντα
1255 3771 1313 3839 ἀεί.

162 3902 263 3997 Λόγος
277 3893 314 3968 δὲ
329 3905 344 3968 ό
361 3895 444 3968 κατά
457 3897 567 3968 ταύτόν
586 3899 698 3978 ἀληθὴς
724 3900 900 3995 γιγνόμενος
919 3898 987 3994 περί
1010 3925 1043 3967 τε
1064 3899 1190 3991 θάτερον
1211 3896 1244 3977 ’όν
1264 3897 1316 3965 καὶ

164 4028 229 4119 περὶ
245 4028 281 4096 τὸ
296 4027 423 4110 ταύτὸν,
437 4029 466 4092 έν
482 4036 526 4114 τῷ
549 4029 713 4115 κινουμένῳ
727 4030 774 4119 ὑφ’
794 4031 889 4094 αὑτοῦ
910 4026 1070 4120 φερόμενος
1089 4021 1159 4093 ἀνευ
1179 4023 1316 4119 φθόγγου

151 4155 215 4221 ,καὶ
234 4161 322 4246 ηχῆς,
347 4152 421 4217 ὅταν
444 4151 496 4243 μὲν
518 4151 585 4239 περὶ
609 4158 646 4218 τὸ
667 4149 810 4225 αἰσθητὸν
832 4151 976 4247 γίγνηται
998 4150 1050 4218 καὶ
1072 4156 1088 4218 ό
1112 4160 1168 4218 τοῦ
1187 4150 1317 4242 θατέρου

164 4281 273 4357 κύκλος
293 4276 378 4371 ὀρθὸς
398 4276 437 4342 ὢν
457 4275 496 4355 εἰς
519 4280 616 4342 πᾶσαν
634 4280 729 4343 αὐτοῦ
749 4282 804 4351 την
829 4275 928 4368 ψυχὴν
953 4269 1128 4371 διαγγείλῃ,
1149 4268 1240 4354 δόξαι
1266 4275 1317 4344 καὶ

147 4404 282 4480 ,πίστεις
292 4400 448 4497 γίγνονται
465 4395 582 4486 βέόαιοι
596 4400 648 4467 καὶ
660 4401 796 4481 ἀληθεῖς·
814 4403 888 4469 ὅταν
905 4393 939 4467 δὲ
955 4397 992 4467 αὖ
1010 4402 1078 4494 περὶ
1091 4401 1128 4468 τὸ
1140 4401 1317 4494 λογιστικόν
