2790 4770
601 319 844 404 -ml-

117 459 222 514 Οῐκεῑαν
257 452 430 533 appellant)
457 472 465 514 :
492 453 536 514 sic
562 472 623 515 non
651 460 755 534 potest
784 456 944 535 objectam
968 472 1037 517 rem
1070 456 1278 535 perspicuam

117 581 181 624 non
196 559 386 641 approbare.

155 667 245 743 lud,
262 687 331 748 cap.
365 669 401 729 16
415 687 423 729 :
438 699 478 714 -
493 668 532 730 lit
554 667 695 747 primum
716 669 847 748 quidem
873 669 935 732 hoc
959 669 1275 756 reprehendendum,

115 777 199 855 quod
225 771 459 854 captiosissimo
479 790 594 854 genere
619 774 875 855 interrogationis
891 781 1042 852 utuntur;
1072 779 1162 857 quod
1183 797 1277 857 genus

113 880 244 944 minime
259 883 292 942 in
306 879 510 960 philosophia
532 879 658 958 probari
678 881 768 957 solet,
793 899 891 961 quum
912 882 1030 962 aliquid
1046 883 1235 945 minutatim
1250 892 1277 945 et

112 989 266 1069 gradatim
290 987 420 1048 additur
439 993 494 1048 aut
513 986 662 1049 demitur.
687 987 821 1068 Σωρείτας
844 988 902 1050 hos
921 994 1045 1062 vocant,
1063 990 1122 1067 qui
1137 1009 1274 1051 aceruum

111 1097 252 1159 eltlciunt
269 1112 332 1156 uno
348 1095 458 1156 addito
474 1111 610 1173 grano...

154 1203 247 1276 ibid,
268 1220 336 1282 cap.
355 1205 392 1263 17
416 1220 422 1261 :
448 1202 547 1261 -Ne
570 1201 631 1262 hoc
648 1201 776 1280 quidem
791 1207 936 1276 cernunt,
960 1204 1069 1263 omnia
1087 1222 1122 1266 se
1142 1206 1273 1267 reddere

112 1315 239 1386 ineerta,
258 1308 342 1388 quod
351 1309 474 1369 nolunt.
493 1309 537 1367 Ea
550 1308 624 1370 dico
637 1307 768 1383 incerta,
785 1327 855 1387 quae
869 1306 968 1381 Ἄδηλα
982 1310 1098 1373 Graeci.

150 1416 242 1492 ibid,
260 1434 329 1494 cap.
357 1417 396 1476 18
413 1433 420 1475 :
439 1444 477 1459 --
490 1416 534 1474 Ex
557 1413 606 1475 his
622 1414 677 1475 illa
689 1415 867 1478 necessario
882 1420 955 1477 nata
972 1421 1020 1477 est
1035 1439 1051 1476 α
1074 1417 1194 1497 Ἐποχή,
1210 1439 1226 1475 o
1243 1417 1270 1478 id
1299 1491 1303 1499 4

111 1530 168 1599 cst,
190 1521 367 1585 assensionis
379 1525 507 1582 retentio
517 1519 599 1601 (l)...
1262 1526 1265 1532 '

154 1630 243 1705 told,
261 1647 331 1708 cap.
359 1631 397 1689 23
413 1647 420 1688 :
447 1663 475 1672 -
490 1631 531 1689 At
551 1626 620 1707 quis
636 1634 685 1690 est
704 1627 777 1691 hiel
791 1646 869 1691 num
882 1629 1036 1712 Σοφιστήςῖ
1051 1629 1107 1693 Sic
1122 1632 1210 1693 enim
1224 1651 1271 1710 ap·

113 1737 312 1817 pellabantur
330 1735 363 1810 ii,
396 1733 450 1812 qui
469 1733 691 1796 ostentationis
714 1741 768 1797 aut
790 1740 929 1815 quaestus
946 1753 1041 1797 causa
1065 1735 1268 1817 philosopha-

114 1848 238 1909 bantur.

155 1952 248 2028 ibid,
274 1968 345 2030 cap.
363 1952 421 2010 29:
449 1980 488 1993 -
509 1949 617 2011 Placet
632 1948 718 2011 enim
737 1947 923 2028 Chrysipp0‚
940 1967 1040 2028 quum
1054 1950 1212 2029 gradatim
1227 1951 1268 2011 in-

115 2063 303 2138 terrogetur,
326 2053 413 2118 verbi
444 2072 549 2132 causa,
580 2055 640 2117 tria
656 2072 756 2133 pauca
783 2055 846 2118 sint
870 2072 951 2117 anne
974 2057 1091 2130 multa;
1115 2056 1266 2137 aliquanto

116 2167 301 2246 priusquam
324 2163 362 2224 ad
389 2162 489 2223 multa
504 2161 678 2240 perveniat,
700 2164 858 2240 quiescere,
875 2162 906 2222 id
934 2163 1097 2242 estquod
1119 2164 1159 2226 ab
1176 2162 1213 2224 iis
1228 2162 1264 2224 di·

116 2272 210 2346 citur,
231 2292 246 2330 (t
261 2268 463 2349 Ἦσυχάζειν.»

157 2379 247 2453 Ιῠίά.,
275 2393 344 2455 cap.
362 2379 423 2436 29:
452 2408 489 2421 -
508 2376 629 2454 Nempe
653 2375 895 2438 fundamentum
921 2375 1101 2439 dialecticae
1121 2382 1168 2440 est
1182 2375 1260 2457 quid-

118 2483 193 2564 quid
210 2481 391 2545 enuntietur
419 2478 461 2557 (id
481 2485 588 2541 autem
615 2481 792 2560 appellatur
816 2478 968 2562 «Ἀξίωμα,
984 2505 998 2540 ι)
1018 2485 1105 2563 quod
1127 2486 1259 2563 estquod

118 2589 271 2672 effetum),
289 2593 345 2649 aut
359 2604 469 2649 verum
486 2605 553 2648 esse
568 2593 622 2649 aut
636 2588 762 2649 salsum.

160 2699 252 2771 lind„
275 2713 344 2773 cap.
366 2697 404 2755 39
430 2712 494 2753 :-
513 2695 617 2755 Etiam
640 2693 745 2756 dicitis
767 2712 834 2756 csse
856 2713 873 2756 e
898 2695 1025 2774 regione
1048 2698 1152 2772 nobie,
1170 2716 1185 2759 e
1201 2714 1255 2758 cou-

124 2806 219 2870 traria
242 2809 331 2883 parto
360 2808 463 2877 terrae,
480 2802 536 2881 qui
557 2802 695 2862 adversis
720 2800 856 2881 vestigiis
871 2807 953 2864 stent
967 2807 1255 2867 contranostrares

122 2913 206 2994 tigit,
220 2929 300 2993 quos
318 2932 332 2970 a
347 2909 499 2975 Ἀντίααδας
511 2930 526 2967 n
544 2909 683 2971 vocatis?

162 3020 253 3094 itte„
284 3034 352 3096 cap.
382 3019 442 3076 m:
469 3014 600 3076 -Huic
619 3014 761 3096 (Zenoni)
784 3033 944 3077 summurn
967 3017 1090 3079 bonum
1112 3015 1253 3094 estitit·

121 3127 206 3187 rebus
226 3124 345 3184 nullom
363 3126 395 3181 irc
407 3126 524 3198 portem
541 3127 670 3193 moveri;
697 3139 769 3200 quae
788 3143 802 3180 u
814 3122 965 3203 Ἀδιαφορία
981 3144 996 3179 n
1013 3098 1134 3202 abipso
1146 3124 1251 3185 dicitur.

122 3229 242 3310 Pyrrho
253 3232 370 3301 autem,
387 3243 422 3286 ea
436 3231 589 3286 desentire
603 3227 912 3307 quidemsaptentem;
927 3247 996 3308 quae
1017 3252 1032 3288 α
1052 3229 1174 3292 Ἀπαίθεια
1187 3254 1199 3290 r
1217 3244 1253 3289 no·

45 3393 47 3397 .
123 3335 271 3395 minatur.

164 3441 257 3516 ibid,
274 3457 342 3519 cap.
370 3441 409 3500 tt
426 3456 488 3498 ε-
502 3439 582 3499 Sunt
595 3436 679 3498 enim
698 3438 856 3502 Socratica
868 3442 1020 3522 pleraque
1033 3445 1187 3507 mirabilia
1199 3438 1257 3505 stoi·

124 3564 244 3622 corum,
261 3565 333 3625 quae
349 3544 547 3627 «Παράδοξα»
564 3545 777 3608 nominantur.

163 3657 253 3732 idid,
270 3674 339 3735 cap.
355 3658 393 3717 lt
411 3674 418 3717 :
435 3689 475 3701 -
488 3658 569 3716 Tum
589 3673 687 3734 quum
706 3657 799 3732 plane
814 3666 1046 3736 compresserat
1061 3660 1104 3740 (2)
1119 3675 1258 3741 pugnum-

153 3991 188 4053 (1)
207 3985 285 4047 Quam
298 3983 425 4048 diligenter
444 3983 529 4033 Cicero
544 3984 570 4033 in
587 3983 720 4048 deligendis
738 3985 816 4035 verbis
835 3997 942 4038 versatus
960 3989 1001 4049 sit,
1020 3993 1132 4056 cognosci
1150 4002 1225 4061 potest
1240 4003 1260 4038 et

121 4073 223 4141 epistola
235 4070 339 4137 quedam
352 4070 382 4118 de
396 4068 442 4118 hae
454 4069 522 4119 read
537 4069 647 4118 Atticum
660 4069 731 4132 (Aet,
741 4069 804 4129 Xlll,
816 4074 868 4135 21).
882 4071 962 4134 Quum
973 4084 1054 4136 antea,
1067 4076 1151 4128 Attico
1164 4087 1261 4129 auctore·

120 4175 164 4225 pro
179 4179 192 4204 u
215 4157 326 4222 Ἐπὲχειν
340 4175 353 4198 u
367 4149 475 4220 ¹inhibere
488 4162 513 4201 et
527 4169 571 4218 pro
582 4173 594 4197 u
614 4154 706 4218 Ἐποχή
717 4175 729 4197 r
741 4151 849 4204 inhibitio
862 4157 1020 4223 probavisset,
1034 4169 1094 4210 tunc
1107 4162 1131 4211 ei
1146 4161 1259 4229 displicent

120 4245 170 4293 lraec
184 4240 265 4290 verba.
682 4251 686 4258 ’

118 4357 122 4364 .
153 4327 189 4393 (2)
207 4325 279 4374 Zeno.
