2790 4770
528 323 574 338 -
597 293 660 358 309
682 324 728 342 -

48 422 255 491 tribuendum
284 437 343 493 est.
369 430 438 507 Qui,
458 448 556 510 quum
578 432 763 494 Graecorum
783 428 921 509 vestigiis
934 427 1102 498 insisteret,
1115 439 1203 485 sum-

48 518 117 583 mos
133 522 203 587 illos
217 534 363 591 auctores
388 529 479 608 quasi
493 529 540 590 sui
559 528 640 608 juris
653 529 741 604 fecit,
757 533 799 605 et,
815 532 984 609 postquam
1000 542 1080 586 nova
1093 521 1200 595 verba,

47 647 143 694 novas
157 638 327 699 sententias
341 638 453 700 amicis
468 643 500 701 et
514 637 624 719 patriae
641 639 791 715 dedisset,
810 637 897 697 idem
912 635 966 696 ille
980 649 1091 696 eorum
1107 646 1205 693 aemu-

47 741 131 802 lator
144 743 247 806 adhue
264 746 459 826 incognitam
472 746 688 826 cognitionem
709 746 953 823 doctrinamque
966 759 1073 804 rerum
1088 739 1206 802 consti-

46 849 119 912 tuit.
139 852 280 922 Quadam
309 860 400 934 parte
425 874 504 934 opus
523 856 600 918 illud
627 874 694 918 esse
721 854 956 934 imperfectum,
978 858 1010 916 ct
1035 851 1204 933 quihusde

47 953 152 1014 causis
164 955 196 1016 id
207 954 275 1018 tieri
288 977 416 1021 necesse
429 961 535 1037 suerit,
554 942 728 1024 ostendere*
743 959 873 1022 tentavi.
897 958 1055 1037 Equidem
1069 972 1133 1016 non
1148 956 1206 1015 du·

48 1059 118 1120 bito
129 1063 206 1141 quin
220 1063 267 1124 illi
278 1066 498 1128 Demosthenis
507 1068 674 1148 interpreti
688 1084 738 1128 res
753 1067 853 1127 multo
866 1064 979 1126 melius
993 1061 1204 1142 processerit:

47 1167 89 1228 ad
99 1169 133 1229 id
149 1188 227 1248 opus
241 1174 480 1253 suscipiendum
495 1181 671 1238 accesserat
683 1176 750 1254 jam
768 1191 899 1254 magnus
917 1176 1033 1247 orator,
1053 1170 1142 1249 eujus
1157 1167 1207 1231 vel

47 1275 156 1354 prima
170 1283 245 1339 aetas
259 1279 306 1360 (ut
328 1281 394 1360 ipse
412 1282 468 1362 ait)
489 1283 597 1345 dedita
611 1283 787 1362 disciplinis
805 1281 865 1343 suit
879 1281 984 1359 iisque
998 1275 1119 1340 artibus
1135 1273 1208 1354 qui-

47 1381 109 1444 hus
132 1383 173 1444 ad
190 1404 281 1447 usum
307 1388 466 1451 sorensem
492 1390 622 1451 omnino
647 1395 714 1476 erat
742 1390 925 1452 instructus.
950 1391 1061 1467 Neque
1076 1384 1207 1449 enimin

47 1490 163 1564 verbis
182 1512 283 1574 neque
298 1496 330 1556 in
353 1497 497 1558 sensibus
513 1498 578 1558 ulla
593 1497 734 1558 Ciceroni
756 1497 858 1559 inesse
875 1500 1001 1576 poterat
1014 1494 1203 1557 obscuritas.

47 1599 126 1661 Ideo
146 1603 235 1663 ualde
250 1604 449 1666 desideranda
464 1610 509 1666 est
525 1605 627 1667 tettae
641 1606 787 1683 orationis
804 1624 861 1684 pro
880 1624 989 1666 corona
1011 1606 1143 1673 omissio,
1169 1619 1207 1663 eo

48 1710 151 1788 magis
162 1714 247 1790 quod
264 1713 416 1791 primum,
434 1720 468 1776 ut
482 1720 572 1794 puto,
587 1715 641 1776 itta
656 1719 758 1776 certos
774 1715 931 1795 posuisset
946 1715 1024 1774 fines
1036 1713 1119 1774 iutra
1130 1692 1209 1791 quos

41 1814 132 1893 justa
150 1818 181 1878 iu
196 1821 421 1882 transferendis
432 1821 779 1900 Graecorumoperibus
794 1822 876 1883 ratio
891 1820 1065 1882 consistere
1082 1817 1209 1896 debeat-3

48 1923 142 2000 quod·
152 1922 267 1987 deinde
282 1927 453 2003 maximam
469 1926 650 1991 indicendo
665 1929 861 2005 facultatem,
880 1927 1028 2007 quamde
1043 1941 1137 1987 causa
1155 1940 1210 1984 ea·

49 2034 125 2096 dem
139 2032 312 2096 obtinenda
326 2037 544 2113 praestiterunt
559 2037 621 2099 duo
642 2037 726 2099 inter
740 2037 887 2116 antiquos
902 2034 1039 2097 maxime
1055 2033 1210 2113 eloquen-

47 2150 97 2207 tes
115 2141 185 2218 viri,
211 2144 306 2205 nohis
332 2144 496 2222 percipere
525 2145 720 2225 contigisset.
755 2166 769 2205 u
783 2145 863 2217 Quid
887 2162 951 2205 non
974 2141 1136 2204 imminuit
1155 2144 1210 2203 aut

47 2230 136 2337 delet
150 2250 244 2310 aetas?
257 2271 270 2307 u
287 2250 419 2329 -Ergo
439 2249 593 2333 reliquiis,
611 2268 688 2330 quas
702 2251 735 2311 in
754 2250 899 2311 ordinem
914 2246 1042 2328 digessi,
1068 2245 1209 2309 contenti

47 2357 161 2419 simus.
174 2359 252 2419 Nam
271 2377 308 2419 ex
323 2358 384 2440 iltis
398 2357 601 2438 perspicuum
612 2364 660 2421 est
670 2377 733 2438 qua
747 2359 870 2421 ratione
879 2375 1060 2420 sermonem
1069 2357 1208 2437 patrium

22 2464 28 2471 ’
45 2464 169 2526 Tullius
182 2465 261 2527 adeo
276 2466 432 2528 ditaverit.
451 2467 531 2528 Satis
543 2464 716 2529 habeamus
731 2468 816 2546 quod
835 2467 927 2529 illum
941 2467 1083 2546 linguam
1096 2465 1206 2529 Philo-

47 2569 172 2652 sophia
194 2572 523 2636 idoneam'novavisse
545 2580 678 2650 constet,
701 2574 799 2654 idque
816 2574 883 2637 fieri
898 2593 963 2636 non
977 2573 1132 2654 potuisse,
1146 2573 1207 2637 nisi
1279 2575 1281 2579 ’

46 2679 97 2738 tot
108 2676 204 2740 verba
217 2681 249 2739 et
263 2696 371 2740 sensus
386 2699 404 2740 a
426 2681 542 2743 Graecis
557 2687 720 2744 mutuatus
736 2687 829 2744 esset.
846 2684 954 2760 ltaque
970 2698 1032 2742 non
1048 2684 1151 2744 solum
1168 2683 1207 2743 de

46 2782 192 2868 uersibus
206 2785 369 2862 faciendis,
387 2789 441 2849 sed
457 2775 501 2866 'de'
515 2789 603 2850 omni
619 2788 715 2852 etiam
730 2789 922 2850 Litterarum
942 2805 1058 2867 genere
1078 2788 1207 2853 dixisset

45 2892 218 2954 commode
231 2897 326 2973 poeta
345 2913 352 2954 ε
1182 2905 1184 2909 “

359 3133 361 3136 y
525 3064 581 3120 Vos
595 3061 761 3136 exemplaria
776 3063 872 3122 Graeca

190 3154 194 3158 ’
225 3155 368 3210 Nocturna
380 3153 487 3210 versate
500 3168 595 3225 mauu,
609 3161 716 3210 versate
731 3153 841 3211 diurna.

19 3400 22 3405 .
44 3285 51 3298 ’
84 3314 229 3393 Lepide,
244 3316 351 3393 eredo,
377 3316 543 3396 adjecisset
568 3335 576 3380 :
603 3339 618 3377 a
635 3321 763 3380 uertite!
780 3340 794 3377 u
816 3317 897 3390 Quid
915 3317 1002 3378 enim
1015 3314 1126 3378 utilius
1140 3325 1207 3381 erat

12 3406 25 3447 ·“’
41 3420 95 3497 iis,
111 3420 167 3500 qui
190 3422 286 3486 latine
308 3424 399 3506 loqui
425 3426 547 3488 discere
572 3444 610 3489 eo
632 3431 778 3506 tempore
794 3426 953 3503 volebant,
971 3442 1066 3506 quam
1080 3427 1205 3487 Graecos

42 3529 185 3591 vertere?

82 3632 148 3695 Sed
175 3634 214 3695 de
243 3636 284 3697 M.
313 3636 417 3699 Tullio
443 3639 626 3701 Graecorum
655 3639 829 3719 interprete
852 3637 927 3701 satis
949 3654 1110 3718 superque
1124 3637 1200 3700 dixi.

43 3736 137 3801 Nunc
152 3747 378 3818 argumentum
399 3744 637 3807 concludamus.
