<?xml version="1.0" encoding="UTF-8"?>
<!DOCTYPE html PUBLIC "-//W3C//DTD XHTML 1.0 Transitional//EN"
    "http://www.w3.org/TR/xhtml1/DTD/xhtml1-transitional.dtd">
<html xmlns="http://www.w3.org/1999/xhtml" xml:lang="en" lang="en">
 <head>
  <title>
</title>
<meta http-equiv="Content-Type" content="text/html;charset=utf-8" />
  <meta name='ocr-system' content='tesseract 3.04.00' />
  <meta name='ocr-capabilities' content='ocr_page ocr_carea ocr_par ocr_line ocrx_word'/>
</head>
<body>
  <div class='ocr_page' id='page_1' title='image "./demtciceronegrc00clavgoog_0082.png"; bbox 0 0 2790 4770; ppageno 0'>
   <div class='ocr_carea' id='block_1_1' title="bbox 554 257 733 321">
    <p class='ocr_par' dir='ltr' id='par_1_1' title="bbox 554 257 733 321">
     <span class='ocr_line' id='line_1_1' title="bbox 554 257 733 321; baseline -0.011 -15"><span class='ocrx_word' id='word_1_1' title='bbox 554 257 733 321; x_wconf 80' lang='lat'>..55-</span> 
     </span>
    </p>
   </div>
   <div class='ocr_carea' id='block_1_2' title="bbox 203 388 952 2078">
    <p class='ocr_par' dir='ltr' id='par_1_2' title="bbox 204 388 919 559">
     <span class='ocr_line' id='line_1_2' title="bbox 205 388 919 457; baseline -0.017 0"><span class='ocrx_word' id='word_1_2' title='bbox 205 395 440 457; x_wconf 85' lang='lat' dir='ltr'><strong>transverberatus</strong></span> <span class='ocrx_word' id='word_1_3' title='bbox 453 401 576 453; x_wconf 85' lang='lat' dir='ltr'><strong>castrum</strong></span> <span class='ocrx_word' id='word_1_4' title='bbox 590 393 644 453; x_wconf 90' lang='lat' dir='ltr'><strong>hoc</strong></span> <span class='ocrx_word' id='word_1_5' title='bbox 655 392 804 450; x_wconf 82' lang='lat' dir='ltr'><strong>Furiarum</strong></span> <span class='ocrx_word' id='word_1_6' title='bbox 817 388 919 447; x_wconf 86' lang='lat' dir='ltr'><strong>incolo.</strong></span> 
     </span>
     <span class='ocr_line' id='line_1_3' title="bbox 204 481 845 559; baseline -0.012 -13"><span class='ocrx_word' id='word_1_7' title='bbox 204 492 269 546; x_wconf 89' lang='lat' dir='ltr'><strong>Jam</strong></span> <span class='ocrx_word' id='word_1_8' title='bbox 280 488 363 545; x_wconf 86' lang='lat' dir='ltr'><strong>tertio</strong></span> <span class='ocrx_word' id='word_1_9' title='bbox 376 501 423 543; x_wconf 94' lang='lat' dir='ltr'><strong>me</strong></span> <span class='ocrx_word' id='word_1_10' title='bbox 437 501 548 559; x_wconf 85' lang='lat' dir='ltr'><strong>qnoque</strong></span> <span class='ocrx_word' id='word_1_11' title='bbox 563 483 672 542; x_wconf 89' lang='lat' dir='ltr'><strong>innesto</strong></span> <span class='ocrx_word' id='word_1_12' title='bbox 686 481 742 553; x_wconf 89' lang='lat' dir='ltr'><strong>die,</strong></span> <span class='ocrx_word' id='word_1_13' title='bbox 843 505 845 509; x_wconf 52' lang='grc'>’</span> 
     </span>
    </p>

    <p class='ocr_par' dir='ltr' id='par_1_3' title="bbox 203 566 947 739">
     <span class='ocr_line' id='line_1_4' title="bbox 204 566 947 645; baseline -0.008 -10"><span class='ocrx_word' id='word_1_14' title='bbox 204 579 278 635; x_wconf 89' lang='lat' dir='ltr'><strong>tristi</strong></span> <span class='ocrx_word' id='word_1_15' title='bbox 291 575 430 643; x_wconf 90' lang='lat' dir='ltr'><strong>advotatu,</strong></span> <span class='ocrx_word' id='word_1_16' title='bbox 445 574 562 632; x_wconf 86' lang='lat' dir='ltr'><strong>aduncis</strong></span> <span class='ocrx_word' id='word_1_17' title='bbox 575 575 700 632; x_wconf 88' lang='lat' dir='ltr'><strong>lacerans</strong></span> <span class='ocrx_word' id='word_1_18' title='bbox 713 566 863 645; x_wconf 83' lang='lat' dir='ltr'><strong>unguibus,</strong></span> <span class='ocrx_word' id='word_1_19' title='bbox 944 625 947 629; x_wconf 85' lang='grc'><em>,</em></span> 
     </span>
     <span class='ocr_line' id='line_1_5' title="bbox 203 662 709 739; baseline -0.014 -15"><span class='ocrx_word' id='word_1_20' title='bbox 203 669 280 726; x_wconf 82' lang='lat' dir='ltr'><strong>lovis</strong></span> <span class='ocrx_word' id='word_1_21' title='bbox 294 666 402 724; x_wconf 81' lang='lat' dir='ltr'><strong>satelles</strong></span> <span class='ocrx_word' id='word_1_22' title='bbox 414 673 496 739; x_wconf 90' lang='lat' dir='ltr'><strong>pastu</strong></span> <span class='ocrx_word' id='word_1_23' title='bbox 509 663 626 721; x_wconf 90' lang='lat' dir='ltr'><strong>dilaniat</strong></span> <span class='ocrx_word' id='word_1_24' title='bbox 637 662 709 720; x_wconf 83' lang='lat' dir='ltr'><strong>tero.</strong></span> 
     </span>
    </p>

    <p class='ocr_par' dir='ltr' id='par_1_4' title="bbox 203 748 952 1184">
     <span class='ocr_line' id='line_1_6' title="bbox 204 748 883 829; baseline -0.013 -16"><span class='ocrx_word' id='word_1_25' title='bbox 204 760 288 823; x_wconf 87' lang='lat' dir='ltr'><strong>Tum,</strong></span> <span class='ocrx_word' id='word_1_26' title='bbox 300 756 394 829; x_wconf 88' lang='lat' dir='ltr'><strong>jecore</strong></span> <span class='ocrx_word' id='word_1_27' title='bbox 407 755 502 828; x_wconf 93' lang='lat' dir='ltr'><strong>opimo</strong></span> <span class='ocrx_word' id='word_1_28' title='bbox 517 753 586 810; x_wconf 87' lang='lat' dir='ltr'><strong>tarta</strong></span> <span class='ocrx_word' id='word_1_29' title='bbox 601 761 630 810; x_wconf 88' lang='lat' dir='ltr'><strong>et</strong></span> <span class='ocrx_word' id='word_1_30' title='bbox 643 752 742 809; x_wconf 91' lang='lat' dir='ltr'><strong>satiata</strong></span> <span class='ocrx_word' id='word_1_31' title='bbox 755 748 883 814; x_wconf 82' lang='lat' dir='ltr'><strong>adfatim,</strong></span> 
     </span>
     <span class='ocr_line' id='line_1_7' title="bbox 204 831 897 917; baseline -0.013 -15"><span class='ocrx_word' id='word_1_32' title='bbox 204 846 362 917; x_wconf 83' lang='lat' dir='ltr'><strong>clangorem</strong></span> <span class='ocrx_word' id='word_1_33' title='bbox 376 842 467 901; x_wconf 84' lang='lat' dir='ltr'><strong>fundit</strong></span> <span class='ocrx_word' id='word_1_34' title='bbox 479 831 596 910; x_wconf 83' lang='lat' dir='ltr'><strong>vastum,</strong></span> <span class='ocrx_word' id='word_1_35' title='bbox 612 849 641 898; x_wconf 94' lang='lat' dir='ltr'><strong>et</strong></span> <span class='ocrx_word' id='word_1_36' title='bbox 653 840 773 899; x_wconf 90' lang='lat' dir='ltr'><strong>sublime</strong></span> <span class='ocrx_word' id='word_1_37' title='bbox 785 836 897 897; x_wconf 85' lang='lat' dir='ltr'><strong>avolans</strong></span> 
     </span>
     <span class='ocr_line' id='line_1_8' title="bbox 203 929 856 1008; baseline -0.011 -17"><span class='ocrx_word' id='word_1_38' title='bbox 203 935 318 1008; x_wconf 88' lang='lat' dir='ltr'><strong>pinnata</strong></span> <span class='ocrx_word' id='word_1_39' title='bbox 331 933 420 991; x_wconf 89' lang='lat' dir='ltr'><strong>cauda</strong></span> <span class='ocrx_word' id='word_1_40' title='bbox 432 941 563 990; x_wconf 90' lang='lat' dir='ltr'><strong>nostrum</strong></span> <span class='ocrx_word' id='word_1_41' title='bbox 575 930 669 989; x_wconf 89' lang='lat' dir='ltr'><strong>adulat</strong></span> <span class='ocrx_word' id='word_1_42' title='bbox 682 929 856 1002; x_wconf 83' lang='lat' dir='ltr'><strong>sanguinem.</strong></span> 
     </span>
     <span class='ocr_line' id='line_1_9' title="bbox 204 1017 952 1097; baseline -0.012 -16"><span class='ocrx_word' id='word_1_43' title='bbox 204 1026 300 1097; x_wconf 82' lang='lat' dir='ltr'><strong>Quum</strong></span> <span class='ocrx_word' id='word_1_44' title='bbox 313 1037 379 1081; x_wconf 86' lang='lat' dir='ltr'><strong>vero</strong></span> <span class='ocrx_word' id='word_1_45' title='bbox 392 1021 507 1081; x_wconf 87' lang='lat' dir='ltr'><strong>adesum</strong></span> <span class='ocrx_word' id='word_1_46' title='bbox 521 1021 620 1080; x_wconf 90' lang='lat' dir='ltr'><strong>intlatu</strong></span> <span class='ocrx_word' id='word_1_47' title='bbox 633 1028 798 1079; x_wconf 89' lang='lat' dir='ltr'><strong>renovatum</strong></span> <span class='ocrx_word' id='word_1_48' title='bbox 810 1026 854 1075; x_wconf 87' lang='lat' dir='ltr'><strong>est</strong></span> <span class='ocrx_word' id='word_1_49' title='bbox 861 1017 952 1090; x_wconf 87' lang='lat' dir='ltr'><strong>jecur,</strong></span> 
     </span>
     <span class='ocr_line' id='line_1_10' title="bbox 204 1106 878 1184; baseline -0.01 -13"><span class='ocrx_word' id='word_1_50' title='bbox 204 1123 264 1173; x_wconf 90' lang='lat' dir='ltr'><strong>tum</strong></span> <span class='ocrx_word' id='word_1_51' title='bbox 278 1129 375 1170; x_wconf 89' lang='lat' dir='ltr'><strong>mrsus</strong></span> <span class='ocrx_word' id='word_1_52' title='bbox 388 1121 475 1171; x_wconf 89' lang='lat' dir='ltr'><strong>tetros</strong></span> <span class='ocrx_word' id='word_1_53' title='bbox 490 1112 569 1170; x_wconf 85' lang='lat' dir='ltr'><strong>avida</strong></span> <span class='ocrx_word' id='word_1_54' title='bbox 583 1128 612 1170; x_wconf 87' lang='lat' dir='ltr'><strong>se</strong></span> <span class='ocrx_word' id='word_1_55' title='bbox 626 1110 661 1168; x_wconf 93' lang='lat' dir='ltr'><strong>ad</strong></span> <span class='ocrx_word' id='word_1_56' title='bbox 675 1119 770 1184; x_wconf 86' lang='lat' dir='ltr'><strong>pastus</strong></span> <span class='ocrx_word' id='word_1_57' title='bbox 783 1106 878 1167; x_wconf 82' lang='lat' dir='ltr'><strong>refert.</strong></span> 
     </span>
    </p>

    <p class='ocr_par' dir='ltr' id='par_1_5' title="bbox 206 1198 827 1266">
     <span class='ocr_line' id='line_1_11' title="bbox 206 1198 827 1266; baseline -0.014 -3"><span class='ocrx_word' id='word_1_58' title='bbox 206 1206 252 1263; x_wconf 92' lang='lat' dir='ltr'><strong>Sic</strong></span> <span class='ocrx_word' id='word_1_59' title='bbox 264 1205 340 1261; x_wconf 91' lang='lat' dir='ltr'><strong>hunc</strong></span> <span class='ocrx_word' id='word_1_60' title='bbox 354 1203 500 1262; x_wconf 83' lang='lat' dir='ltr'><strong>custodem</strong></span> <span class='ocrx_word' id='word_1_61' title='bbox 514 1202 606 1260; x_wconf 82' lang='lat' dir='ltr'><strong>moesti</strong></span> <span class='ocrx_word' id='word_1_62' title='bbox 621 1201 759 1258; x_wconf 87' lang='lat' dir='ltr'><strong>cruciatus</strong></span> <span class='ocrx_word' id='word_1_63' title='bbox 772 1198 827 1266; x_wconf 93' lang='lat' dir='ltr'><strong>alo,</strong></span> 
     </span>
    </p>

    <p class='ocr_par' dir='ltr' id='par_1_6' title="bbox 203 1291 786 1368">
     <span class='ocr_line' id='line_1_12' title="bbox 203 1291 786 1368; baseline -0.009 -17"><span class='ocrx_word' id='word_1_64' title='bbox 203 1295 251 1368; x_wconf 87' lang='lat' dir='ltr'><strong>qui</strong></span> <span class='ocrx_word' id='word_1_65' title='bbox 266 1310 311 1352; x_wconf 91' lang='lat' dir='ltr'><strong>me</strong></span> <span class='ocrx_word' id='word_1_66' title='bbox 324 1293 439 1366; x_wconf 89' lang='lat' dir='ltr'><strong>perenni</strong></span> <span class='ocrx_word' id='word_1_67' title='bbox 453 1293 546 1350; x_wconf 87' lang='lat' dir='ltr'><strong>vivum</strong></span> <span class='ocrx_word' id='word_1_68' title='bbox 560 1292 645 1350; x_wconf 88' lang='lat' dir='ltr'><strong>toedat</strong></span> <span class='ocrx_word' id='word_1_69' title='bbox 658 1291 786 1349; x_wconf 87' lang='lat' dir='ltr'><strong>miseria:</strong></span> 
     </span>
    </p>

    <p class='ocr_par' dir='ltr' id='par_1_7' title="bbox 204 1379 901 1546">
     <span class='ocr_line' id='line_1_13' title="bbox 205 1379 901 1457; baseline -0.01 -16"><span class='ocrx_word' id='word_1_70' title='bbox 205 1400 338 1457; x_wconf 89' lang='lat' dir='ltr'><strong>namque,</strong></span> <span class='ocrx_word' id='word_1_71' title='bbox 352 1391 385 1440; x_wconf 93' lang='lat' dir='ltr'><strong>ut</strong></span> <span class='ocrx_word' id='word_1_72' title='bbox 397 1382 507 1451; x_wconf 86' lang='lat' dir='ltr'><strong>videtis,</strong></span> <span class='ocrx_word' id='word_1_73' title='bbox 523 1383 620 1438; x_wconf 90' lang='lat' dir='ltr'><strong>vinclis</strong></span> <span class='ocrx_word' id='word_1_74' title='bbox 632 1382 797 1438; x_wconf 88' lang='lat' dir='ltr'><strong>constrictus</strong></span> <span class='ocrx_word' id='word_1_75' title='bbox 808 1379 901 1448; x_wconf 88' lang='lat' dir='ltr'><strong>Jovis,</strong></span> 
     </span>
     <span class='ocr_line' id='line_1_14' title="bbox 204 1472 842 1546; baseline -0.009 -14"><span class='ocrx_word' id='word_1_76' title='bbox 204 1489 300 1532; x_wconf 90' lang='lat' dir='ltr'><strong>arcere</strong></span> <span class='ocrx_word' id='word_1_77' title='bbox 313 1488 422 1546; x_wconf 86' lang='lat' dir='ltr'><strong>nequeo</strong></span> <span class='ocrx_word' id='word_1_78' title='bbox 435 1472 526 1529; x_wconf 92' lang='lat' dir='ltr'><strong>diram</strong></span> <span class='ocrx_word' id='word_1_79' title='bbox 539 1472 680 1530; x_wconf 89' lang='lat' dir='ltr'><strong>volucrem</strong></span> <span class='ocrx_word' id='word_1_80' title='bbox 693 1488 708 1528; x_wconf 92' lang='lat' dir='ltr'><strong>a</strong></span> <span class='ocrx_word' id='word_1_81' title='bbox 722 1478 842 1545; x_wconf 85' lang='lat' dir='ltr'><strong>pectore.</strong></span> 
     </span>
    </p>

    <p class='ocr_par' dir='ltr' id='par_1_8' title="bbox 204 1559 845 1720">
     <span class='ocr_line' id='line_1_15' title="bbox 206 1559 845 1634; baseline -0.011 -13"><span class='ocrx_word' id='word_1_82' title='bbox 206 1564 251 1622; x_wconf 90' lang='lat' dir='ltr'><strong>Sic</strong></span> <span class='ocrx_word' id='word_1_83' title='bbox 264 1578 310 1619; x_wconf 91' lang='lat' dir='ltr'><strong>me</strong></span> <span class='ocrx_word' id='word_1_84' title='bbox 325 1561 383 1634; x_wconf 87' lang='lat' dir='ltr'><strong>ipse</strong></span> <span class='ocrx_word' id='word_1_85' title='bbox 397 1560 498 1618; x_wconf 89' lang='lat' dir='ltr'><strong>viduus</strong></span> <span class='ocrx_word' id='word_1_86' title='bbox 512 1568 604 1634; x_wconf 87' lang='lat' dir='ltr'><strong>pestes</strong></span> <span class='ocrx_word' id='word_1_87' title='bbox 618 1559 726 1634; x_wconf 81' lang='lat' dir='ltr'><strong>excipio</strong></span> <span class='ocrx_word' id='word_1_88' title='bbox 739 1559 845 1624; x_wconf 79' lang='lat' dir='ltr'><strong>anxias,</strong></span> 
     </span>
     <span class='ocr_line' id='line_1_16' title="bbox 204 1645 837 1720; baseline -0.008 -14"><span class='ocrx_word' id='word_1_89' title='bbox 204 1665 299 1706; x_wconf 90' lang='lat' dir='ltr'><strong>amore</strong></span> <span class='ocrx_word' id='word_1_90' title='bbox 314 1647 414 1704; x_wconf 88' lang='lat' dir='ltr'><strong>mortis</strong></span> <span class='ocrx_word' id='word_1_91' title='bbox 427 1648 579 1704; x_wconf 86' lang='lat' dir='ltr'><strong>terminum</strong></span> <span class='ocrx_word' id='word_1_92' title='bbox 593 1649 742 1720; x_wconf 87' lang='lat' dir='ltr'><strong>anquirens</strong></span> <span class='ocrx_word' id='word_1_93' title='bbox 754 1645 837 1712; x_wconf 85' lang='lat' dir='ltr'><strong>mati;</strong></span> 
     </span>
    </p>

    <p class='ocr_par' dir='ltr' id='par_1_9' title="bbox 204 1735 806 1810">
     <span class='ocr_line' id='line_1_17' title="bbox 204 1735 806 1810; baseline -0.007 -14"><span class='ocrx_word' id='word_1_94' title='bbox 204 1737 252 1796; x_wconf 89' lang='lat' dir='ltr'><strong>sed</strong></span> <span class='ocrx_word' id='word_1_95' title='bbox 265 1738 348 1810; x_wconf 83' lang='lat' dir='ltr'><strong>longe</strong></span> <span class='ocrx_word' id='word_1_96' title='bbox 360 1751 376 1792; x_wconf 94' lang='lat' dir='ltr'><strong>a</strong></span> <span class='ocrx_word' id='word_1_97' title='bbox 390 1736 446 1794; x_wconf 91' lang='lat' dir='ltr'><strong>loto</strong></span> <span class='ocrx_word' id='word_1_98' title='bbox 460 1737 576 1794; x_wconf 92' lang='lat' dir='ltr'><strong>numine</strong></span> <span class='ocrx_word' id='word_1_99' title='bbox 590 1736 710 1810; x_wconf 85' lang='lat' dir='ltr'><strong>aspollor</strong></span> <span class='ocrx_word' id='word_1_100' title='bbox 721 1739 738 1792; x_wconf 89' lang='lat' dir='ltr'>J</span> <span class='ocrx_word' id='word_1_101' title='bbox 740 1735 806 1793; x_wconf 88' lang='lat' dir='ltr'><strong>ovis.</strong></span> 
     </span>
    </p>

    <p class='ocr_par' dir='ltr' id='par_1_10' title="bbox 203 1823 901 1987">
     <span class='ocr_line' id='line_1_18' title="bbox 203 1823 901 1901; baseline -0.004 -17"><span class='ocrx_word' id='word_1_102' title='bbox 203 1831 295 1899; x_wconf 78' lang='lat' dir='ltr'><strong>Atque</strong></span> <span class='ocrx_word' id='word_1_103' title='bbox 309 1826 368 1886; x_wconf 80' lang='lat' dir='ltr'><strong>lraec</strong></span> <span class='ocrx_word' id='word_1_104' title='bbox 381 1834 497 1890; x_wconf 85' lang='lat' dir='ltr'><strong>vetusta,</strong></span> <span class='ocrx_word' id='word_1_105' title='bbox 512 1827 601 1883; x_wconf 85' lang='lat' dir='ltr'><strong>saectis</strong></span> <span class='ocrx_word' id='word_1_106' title='bbox 615 1827 766 1901; x_wconf 84' lang='lat' dir='ltr'><strong>glomerata</strong></span> <span class='ocrx_word' id='word_1_107' title='bbox 779 1823 901 1882; x_wconf 89' lang='lat' dir='ltr'><strong>horridis</strong></span> 
     </span>
     <span class='ocr_line' id='line_1_19' title="bbox 204 1914 828 1987; baseline -0.003 -15"><span class='ocrx_word' id='word_1_108' title='bbox 204 1915 323 1972; x_wconf 87' lang='lat' dir='ltr'><strong>luctifica</strong></span> <span class='ocrx_word' id='word_1_109' title='bbox 335 1915 427 1974; x_wconf 89' lang='lat' dir='ltr'><strong>clades</strong></span> <span class='ocrx_word' id='word_1_110' title='bbox 441 1924 538 1973; x_wconf 91' lang='lat' dir='ltr'><strong>nostro</strong></span> <span class='ocrx_word' id='word_1_111' title='bbox 550 1915 634 1973; x_wconf 82' lang='lat' dir='ltr'><strong>infixa</strong></span> <span class='ocrx_word' id='word_1_112' title='bbox 649 1923 692 1973; x_wconf 89' lang='lat' dir='ltr'><strong>est</strong></span> <span class='ocrx_word' id='word_1_113' title='bbox 705 1914 828 1987; x_wconf 85' lang='lat' dir='ltr'><strong>corpori,</strong></span> 
     </span>
    </p>

    <p class='ocr_par' dir='ltr' id='par_1_11' title="bbox 203 2004 770 2078">
     <span class='ocr_line' id='line_1_20' title="bbox 203 2004 770 2078; baseline -0.004 -15"><span class='ocrx_word' id='word_1_114' title='bbox 203 2020 237 2063; x_wconf 84' lang='lat' dir='ltr'><strong>ex</strong></span> <span class='ocrx_word' id='word_1_115' title='bbox 252 2022 307 2078; x_wconf 89' lang='lat' dir='ltr'><strong>quo</strong></span> <span class='ocrx_word' id='word_1_116' title='bbox 320 2006 432 2078; x_wconf 82' lang='lat' dir='ltr'><strong>liquatae</strong></span> <span class='ocrx_word' id='word_1_117' title='bbox 447 2005 513 2062; x_wconf 91' lang='lat' dir='ltr'><strong>sotis</strong></span> <span class='ocrx_word' id='word_1_118' title='bbox 526 2004 624 2062; x_wconf 89' lang='lat' dir='ltr'><strong>ardore</strong></span> <span class='ocrx_word' id='word_1_119' title='bbox 638 2004 770 2071; x_wconf 83' lang='lat' dir='ltr'><strong>excidunt</strong></span> 
     </span>
    </p>
   </div>
   <div class='ocr_carea' id='block_1_3' title="bbox 203 2092 1070 2249">
    <p class='ocr_par' dir='ltr' id='par_1_12' title="bbox 203 2092 1070 2249">
     <span class='ocr_line' id='line_1_21' title="bbox 203 2092 870 2168; baseline -0.003 -18"><span class='ocrx_word' id='word_1_120' title='bbox 203 2101 301 2168; x_wconf 77' lang='lat' dir='ltr'><strong>guttae,</strong></span> <span class='ocrx_word' id='word_1_121' title='bbox 314 2109 377 2168; x_wconf 85' lang='lat' dir='ltr'><strong>quae</strong></span> <span class='ocrx_word' id='word_1_122' title='bbox 392 2110 457 2151; x_wconf 84' lang='lat' dir='ltr'><strong>saxa</strong></span> <span class='ocrx_word' id='word_1_123' title='bbox 470 2092 585 2150; x_wconf 88' lang='lat' dir='ltr'><strong>adsidue</strong></span> <span class='ocrx_word' id='word_1_124' title='bbox 598 2093 735 2151; x_wconf 88' lang='lat' dir='ltr'><strong>instillant</strong></span> <span class='ocrx_word' id='word_1_125' title='bbox 745 2092 870 2150; x_wconf 87' lang='lat' dir='ltr'><strong>Caucasi.</strong></span> 
     </span>
     <span class='ocr_line' id='line_1_22' title="bbox 776 2183 1070 2249; baseline 0.003 -14"><span class='ocrx_word' id='word_1_126' title='bbox 776 2184 826 2236; x_wconf 80' lang='lat' dir='ltr'><strong>cic.</strong></span> <span class='ocrx_word' id='word_1_127' title='bbox 841 2188 912 2236; x_wconf 78' lang='lat' dir='ltr'><strong>Tusa.</strong></span> <span class='ocrx_word' id='word_1_128' title='bbox 926 2183 959 2249; x_wconf 92' lang='lat' dir='ltr'><strong>ll,</strong></span> <span class='ocrx_word' id='word_1_129' title='bbox 977 2186 1019 2236; x_wconf 91' lang='lat' dir='ltr'><strong>1o.</strong></span> <span class='ocrx_word' id='word_1_130' title='bbox 1067 2197 1070 2201; x_wconf 83' lang='grc'><em>·</em></span> 
     </span>
    </p>
   </div>
   <div class='ocr_carea' id='block_1_4' title="bbox 95 2418 1223 2727">
    <p class='ocr_par' dir='ltr' id='par_1_13' title="bbox 95 2418 1223 2727">
     <span class='ocr_line' id='line_1_23' title="bbox 95 2418 1222 2513; baseline -0.006 -18"><span class='ocrx_word' id='word_1_131' title='bbox 95 2432 267 2513; x_wconf 83' lang='lat' dir='ltr'><strong>AEschylus</strong></span> <span class='ocrx_word' id='word_1_132' title='bbox 292 2432 354 2494; x_wconf 92' lang='lat' dir='ltr'><strong>illis</strong></span> <span class='ocrx_word' id='word_1_133' title='bbox 380 2430 413 2493; x_wconf 92' lang='lat' dir='ltr'><strong>in</strong></span> <span class='ocrx_word' id='word_1_134' title='bbox 426 2418 568 2495; x_wconf 88' lang='lat' dir='ltr'><strong>versibus</strong></span> <span class='ocrx_word' id='word_1_135' title='bbox 580 2431 698 2495; x_wconf 85' lang='lat' dir='ltr'><strong>iterum</strong></span> <span class='ocrx_word' id='word_1_136' title='bbox 722 2431 847 2493; x_wconf 81' lang='lat' dir='ltr'><strong>vivitne</strong></span> <span class='ocrx_word' id='word_1_137' title='bbox 869 2431 967 2511; x_wconf 67' lang='lat' dir='ltr'><strong>vigea</strong></span> <span class='ocrx_word' id='word_1_138' title='bbox 994 2427 1134 2511; x_wconf 86' lang='lat' dir='ltr'><strong>AEsohyli</strong></span> <span class='ocrx_word' id='word_1_139' title='bbox 1150 2446 1222 2509; x_wconf 80' lang='lat' dir='ltr'><strong>gra-</strong></span> 
     </span>
     <span class='ocr_line' id='line_1_24' title="bbox 95 2537 1218 2620; baseline -0.004 -16"><span class='ocrx_word' id='word_1_140' title='bbox 95 2560 138 2604; x_wconf 85' lang='lat' dir='ltr'><strong>·as</strong></span> <span class='ocrx_word' id='word_1_141' title='bbox 151 2546 184 2603; x_wconf 91' lang='lat' dir='ltr'><strong>et</strong></span> <span class='ocrx_word' id='word_1_142' title='bbox 201 2541 374 2604; x_wconf 80' lang='lat' dir='ltr'><strong>cothurnus</strong></span> <span class='ocrx_word' id='word_1_143' title='bbox 390 2546 422 2604; x_wconf 91' lang='lat' dir='ltr'><strong>et</strong></span> <span class='ocrx_word' id='word_1_144' title='bbox 440 2559 536 2603; x_wconf 89' lang='lat' dir='ltr'><strong>sonus</strong></span> <span class='ocrx_word' id='word_1_145' title='bbox 551 2542 637 2620; x_wconf 89' lang='lat' dir='ltr'><strong>apud</strong></span> <span class='ocrx_word' id='word_1_146' title='bbox 655 2542 841 2604; x_wconf 83' lang='lat' dir='ltr'><strong>Ciceronem</strong></span> <span class='ocrx_word' id='word_1_147' title='bbox 867 2557 932 2603; x_wconf 91' lang='lat' dir='ltr'><strong>non</strong></span> <span class='ocrx_word' id='word_1_148' title='bbox 947 2539 1051 2601; x_wconf 91' lang='lat' dir='ltr'><strong>minus</strong></span> <span class='ocrx_word' id='word_1_149' title='bbox 1065 2537 1218 2601; x_wconf 89' lang='lat' dir='ltr'><strong>sublimes</strong></span> 
     </span>
     <span class='ocr_line' id='line_1_25' title="bbox 95 2645 1223 2727; baseline -0.002 -17"><span class='ocrx_word' id='word_1_150' title='bbox 95 2651 210 2711; x_wconf 84' lang='lat' dir='ltr'><strong>lentur</strong></span> <span class='ocrx_word' id='word_1_151' title='bbox 239 2667 247 2710; x_wconf 72' lang='grc' dir='ltr'><strong><em>ε</em></strong></span> <span class='ocrx_word' id='word_1_152' title='bbox 275 2653 370 2727; x_wconf 92' lang='lat' dir='ltr'><strong>poeta</strong></span> <span class='ocrx_word' id='word_1_153' title='bbox 396 2647 531 2724; x_wconf 89' lang='lat' dir='ltr'><strong>scilicet,</strong></span> <span class='ocrx_word' id='word_1_154' title='bbox 560 2666 625 2711; x_wconf 91' lang='lat' dir='ltr'><strong>non</strong></span> <span class='ocrx_word' id='word_1_155' title='bbox 651 2653 775 2711; x_wconf 89' lang='lat' dir='ltr'><strong>tantum</strong></span> <span class='ocrx_word' id='word_1_156' title='bbox 804 2649 995 2711; x_wconf 86' lang='lat' dir='ltr'><strong>versificator</strong></span> <span class='ocrx_word' id='word_1_157' title='bbox 1023 2646 1145 2710; x_wconf 80' lang='lat' dir='ltr'><strong>&#39;tullius</strong></span> <span class='ocrx_word' id='word_1_158' title='bbox 1170 2645 1223 2708; x_wconf 90' lang='lat' dir='ltr'><strong>ha-</strong></span> 
     </span>
    </p>
   </div>
   <div class='ocr_carea' id='block_1_5' title="bbox 95 2753 1219 2936">
    <p class='ocr_par' dir='ltr' id='par_1_14' title="bbox 95 2753 1219 2936">
     <span class='ocr_line' id='line_1_26' title="bbox 95 2753 1219 2836; baseline 0.004 -25"><span class='ocrx_word' id='word_1_159' title='bbox 95 2757 184 2818; x_wconf 84' lang='lat' dir='ltr'><strong>ndns</strong></span> <span class='ocrx_word' id='word_1_160' title='bbox 211 2761 269 2833; x_wconf 87' lang='lat' dir='ltr'><strong>cst,</strong></span> <span class='ocrx_word' id='word_1_161' title='bbox 285 2757 363 2818; x_wconf 93' lang='lat' dir='ltr'><strong>dum</strong></span> <span class='ocrx_word' id='word_1_162' title='bbox 382 2756 519 2836; x_wconf 86' lang='lat' dir='ltr'><strong>tragicos</strong></span> <span class='ocrx_word' id='word_1_163' title='bbox 534 2755 629 2819; x_wconf 86' lang='lat' dir='ltr'><strong>vertit</strong></span> <span class='ocrx_word' id='word_1_164' title='bbox 651 2761 705 2818; x_wconf 91' lang='lat' dir='ltr'><strong>aut</strong></span> <span class='ocrx_word' id='word_1_165' title='bbox 725 2755 881 2818; x_wconf 88' lang='lat' dir='ltr'><strong>imitatur.</strong></span> <span class='ocrx_word' id='word_1_166' title='bbox 900 2755 1081 2818; x_wconf 86' lang='lat' dir='ltr'><strong>Praestantis</strong></span> <span class='ocrx_word' id='word_1_167' title='bbox 1100 2753 1219 2836; x_wconf 86' lang='lat' dir='ltr'><strong>ingenii</strong></span> 
     </span>
     <span class='ocr_line' id='line_1_27' title="bbox 95 2854 1219 2936; baseline 0.001 -21"><span class='ocrx_word' id='word_1_168' title='bbox 95 2854 176 2917; x_wconf 65' lang='lat' dir='ltr'><strong>,xiiio</strong></span> <span class='ocrx_word' id='word_1_169' title='bbox 203 2857 289 2917; x_wconf 87' lang='lat' dir='ltr'><strong>velut</strong></span> <span class='ocrx_word' id='word_1_170' title='bbox 312 2856 444 2917; x_wconf 83' lang='lat' dir='ltr'><strong>innixus</strong></span> <span class='ocrx_word' id='word_1_171' title='bbox 464 2855 528 2931; x_wconf 90' lang='lat' dir='ltr'><strong>ille,</strong></span> <span class='ocrx_word' id='word_1_172' title='bbox 555 2857 652 2919; x_wconf 92' lang='lat' dir='ltr'><strong>modo</strong></span> <span class='ocrx_word' id='word_1_173' title='bbox 678 2854 813 2935; x_wconf 79' lang='lat' dir='ltr'><strong>frigidus</strong></span> <span class='ocrx_word' id='word_1_174' title='bbox 835 2859 867 2918; x_wconf 88' lang='lat' dir='ltr'><strong>et</strong></span> <span class='ocrx_word' id='word_1_175' title='bbox 888 2857 1038 2936; x_wconf 85' lang='lat' dir='ltr'><strong>languens</strong></span> <span class='ocrx_word' id='word_1_176' title='bbox 1061 2861 1094 2918; x_wconf 90' lang='lat' dir='ltr'><strong>et</strong></span> <span class='ocrx_word' id='word_1_177' title='bbox 1107 2873 1219 2936; x_wconf 89' lang='lat' dir='ltr'><strong>parum</strong></span> 
     </span>
    </p>
   </div>
   <div class='ocr_carea' id='block_1_6' title="bbox 95 2965 1221 3154">
    <p class='ocr_par' dir='ltr' id='par_1_15' title="bbox 95 2965 1221 3154">
     <span class='ocr_line' id='line_1_28' title="bbox 95 2965 1221 3047; baseline 0.003 -21"><span class='ocrx_word' id='word_1_178' title='bbox 95 2983 163 3028; x_wconf 77' lang='lat' dir='ltr'><strong>arus</strong></span> <span class='ocrx_word' id='word_1_179' title='bbox 185 2966 219 3027; x_wconf 92' lang='lat' dir='ltr'><strong>in</strong></span> <span class='ocrx_word' id='word_1_180' title='bbox 234 2966 309 3042; x_wconf 89' lang='lat' dir='ltr'><strong>suis,</strong></span> <span class='ocrx_word' id='word_1_181' title='bbox 321 2984 393 3047; x_wconf 75' lang='lat' dir='ltr'><strong>quae</strong></span> <span class='ocrx_word' id='word_1_182' title='bbox 406 2965 542 3047; x_wconf 82' lang='lat' dir='ltr'><strong>gloriose</strong></span> <span class='ocrx_word' id='word_1_183' title='bbox 557 2971 800 3044; x_wconf 87' lang='lat' dir='ltr'><strong>commemorat,</strong></span> <span class='ocrx_word' id='word_1_184' title='bbox 820 2965 981 3046; x_wconf 90' lang='lat' dir='ltr'><strong>operibus,</strong></span> <span class='ocrx_word' id='word_1_185' title='bbox 999 2983 1162 3030; x_wconf 91' lang='lat' dir='ltr'><strong>summum</strong></span> <span class='ocrx_word' id='word_1_186' title='bbox 1173 2983 1221 3029; x_wconf 91' lang='lat' dir='ltr'><strong>re-</strong></span> 
     </span>
     <span class='ocr_line' id='line_1_29' title="bbox 95 3072 1118 3154; baseline 0.006 -23"><span class='ocrx_word' id='word_1_187' title='bbox 95 3077 156 3134; x_wconf 73' lang='lat' dir='ltr'><strong>ente</strong></span> <span class='ocrx_word' id='word_1_188' title='bbox 171 3072 312 3148; x_wconf 90' lang='lat' dir='ltr'><strong>alterius,</strong></span> <span class='ocrx_word' id='word_1_189' title='bbox 329 3089 394 3136; x_wconf 94' lang='lat' dir='ltr'><strong>non</strong></span> <span class='ocrx_word' id='word_1_190' title='bbox 411 3091 467 3135; x_wconf 90' lang='lat' dir='ltr'><strong>sna</strong></span> <span class='ocrx_word' id='word_1_191' title='bbox 480 3074 656 3153; x_wconf 82' lang='lat' dir='ltr'><strong>protereus,</strong></span> <span class='ocrx_word' id='word_1_192' title='bbox 674 3092 766 3154; x_wconf 85' lang='lat' dir='ltr'><strong>paene</strong></span> <span class='ocrx_word' id='word_1_193' title='bbox 778 3075 928 3154; x_wconf 88' lang='lat' dir='ltr'><strong>adaequat</strong></span> <span class='ocrx_word' id='word_1_194' title='bbox 945 3072 1118 3154; x_wconf 83' lang='lat' dir='ltr'><strong>fastigium.</strong></span> 
     </span>
    </p>
   </div>
   <div class='ocr_carea' id='block_1_7' title="bbox 95 3179 1219 3364">
    <p class='ocr_par' dir='ltr' id='par_1_16' title="bbox 95 3179 1219 3364">
     <span class='ocr_line' id='line_1_30' title="bbox 100 3179 1219 3262; baseline 0.005 -23"><span class='ocrx_word' id='word_1_195' title='bbox 100 3179 177 3252; x_wconf 82' lang='lat' dir='ltr'><strong>Quae</strong></span> <span class='ocrx_word' id='word_1_196' title='bbox 201 3180 332 3260; x_wconf 86' lang='lat' dir='ltr'><strong>quidem</strong></span> <span class='ocrx_word' id='word_1_197' title='bbox 356 3181 514 3243; x_wconf 87' lang='lat' dir='ltr'><strong>sententia</strong></span> <span class='ocrx_word' id='word_1_198' title='bbox 541 3182 698 3261; x_wconf 82' lang='lat' dir='ltr'><strong>probetur</strong></span> <span class='ocrx_word' id='word_1_199' title='bbox 721 3198 853 3246; x_wconf 85' lang='lat' dir='ltr'><strong>neccsse</strong></span> <span class='ocrx_word' id='word_1_200' title='bbox 879 3186 927 3245; x_wconf 89' lang='lat' dir='ltr'><strong>est</strong></span> <span class='ocrx_word' id='word_1_201' title='bbox 943 3181 983 3244; x_wconf 92' lang='lat' dir='ltr'><strong>ab</strong></span> <span class='ocrx_word' id='word_1_202' title='bbox 1003 3181 1042 3243; x_wconf 90' lang='lat' dir='ltr'><strong>iis</strong></span> <span class='ocrx_word' id='word_1_203' title='bbox 1060 3183 1114 3262; x_wconf 88' lang='lat' dir='ltr'><strong>qui</strong></span> <span class='ocrx_word' id='word_1_204' title='bbox 1129 3181 1219 3245; x_wconf 85' lang='lat' dir='ltr'><strong>Cice-</strong></span> 
     </span>
     <span class='ocr_line' id='line_1_31' title="bbox 95 3284 654 3364; baseline 0.018 -25"><span class='ocrx_word' id='word_1_205' title='bbox 95 3300 175 3344; x_wconf 76' lang='lat' dir='ltr'><strong>›nem</strong></span> <span class='ocrx_word' id='word_1_206' title='bbox 196 3284 300 3364; x_wconf 83' lang='lat' dir='ltr'><strong>legere</strong></span> <span class='ocrx_word' id='word_1_207' title='bbox 314 3285 471 3364; x_wconf 80' lang='lat' dir='ltr'><strong>Sophoclis</strong></span> <span class='ocrx_word' id='word_1_208' title='bbox 491 3287 654 3349; x_wconf 87' lang='lat' dir='ltr'><strong>aemulum.</strong></span> 
     </span>
    </p>
   </div>
   <div class='ocr_carea' id='block_1_8' title="bbox 95 3390 1219 3587">
    <p class='ocr_par' dir='ltr' id='par_1_17' title="bbox 95 3390 1219 3587">
     <span class='ocr_line' id='line_1_32' title="bbox 102 3390 1218 3490; baseline 0.007 -39"><span class='ocrx_word' id='word_1_209' title='bbox 102 3390 272 3454; x_wconf 85' lang='lat' dir='ltr'><strong>Videamus</strong></span> <span class='ocrx_word' id='word_1_210' title='bbox 290 3393 406 3475; x_wconf 91' lang='lat' dir='ltr'><strong>(inquit</strong></span> <span class='ocrx_word' id='word_1_211' title='bbox 420 3393 530 3459; x_wconf 85' lang='lat' dir='ltr'><strong>Cicero</strong></span> <span class='ocrx_word' id='word_1_212' title='bbox 548 3410 623 3456; x_wconf 90' lang='lat' dir='ltr'><strong>cum</strong></span> <span class='ocrx_word' id='word_1_213' title='bbox 643 3412 700 3458; x_wconf 91' lang='lat' dir='ltr'><strong>suo</strong></span> <span class='ocrx_word' id='word_1_214' title='bbox 719 3396 826 3490; x_wconf 84' lang='lat' dir='ltr'><strong>Attico</strong></span> <span class='ocrx_word' id='word_1_215' title='bbox 851 3394 1031 3479; x_wconf 89' lang='lat' dir='ltr'><strong>disputans)</strong></span> <span class='ocrx_word' id='word_1_216' title='bbox 1048 3397 1218 3459; x_wconf 84' lang='lat' dir='ltr'><strong>Herculem</strong></span> 
     </span>
     <span class='ocr_line' id='line_1_33' title="bbox 95 3500 1219 3587; baseline 0.008 -29"><span class='ocrx_word' id='word_1_217' title='bbox 95 3515 176 3575; x_wconf 86' lang='lat' dir='ltr'><strong>sum,</strong></span> <span class='ocrx_word' id='word_1_218' title='bbox 204 3500 258 3580; x_wconf 88' lang='lat' dir='ltr'><strong>qui</strong></span> <span class='ocrx_word' id='word_1_219' title='bbox 281 3506 352 3563; x_wconf 90' lang='lat' dir='ltr'><strong>turn</strong></span> <span class='ocrx_word' id='word_1_220' title='bbox 376 3501 488 3564; x_wconf 89' lang='lat' dir='ltr'><strong>dolore</strong></span> <span class='ocrx_word' id='word_1_221' title='bbox 506 3504 720 3585; x_wconf 83' lang='lat' dir='ltr'><strong>frangebatur,</strong></span> <span class='ocrx_word' id='word_1_222' title='bbox 740 3525 842 3587; x_wconf 89' lang='lat' dir='ltr'><strong>quum</strong></span> <span class='ocrx_word' id='word_1_223' title='bbox 856 3507 1130 3571; x_wconf 88' lang='lat' dir='ltr'><strong>immortalitatem</strong></span> <span class='ocrx_word' id='word_1_224' title='bbox 1149 3508 1219 3587; x_wconf 90' lang='lat' dir='ltr'><strong>ipsa</strong></span> 
     </span>
    </p>
   </div>
   <div class='ocr_carea' id='block_1_9' title="bbox 95 3610 1218 3801">
    <p class='ocr_par' dir='ltr' id='par_1_18' title="bbox 95 3610 1218 3801">
     <span class='ocr_line' id='line_1_34' title="bbox 95 3610 1218 3697; baseline 0.011 -31"><span class='ocrx_word' id='word_1_225' title='bbox 95 3614 163 3670; x_wconf 88' lang='lat' dir='ltr'><strong>orte</strong></span> <span class='ocrx_word' id='word_1_226' title='bbox 176 3610 391 3689; x_wconf 76' lang='lat' dir='ltr'><strong>quaerebat...</strong></span> <span class='ocrx_word' id='word_1_227' title='bbox 415 3615 467 3675; x_wconf 90' lang='lat' dir='ltr'><strong>cui</strong></span> <span class='ocrx_word' id='word_1_228' title='bbox 484 3632 584 3693; x_wconf 91' lang='lat' dir='ltr'><strong>quum</strong></span> <span class='ocrx_word' id='word_1_229' title='bbox 599 3614 744 3694; x_wconf 85' lang='lat' dir='ltr'><strong>Dejanira</strong></span> <span class='ocrx_word' id='word_1_230' title='bbox 760 3616 912 3697; x_wconf 83' lang='lat' dir='ltr'><strong>sanguine</strong></span> <span class='ocrx_word' id='word_1_231' title='bbox 927 3618 1070 3680; x_wconf 85' lang='lat' dir='ltr'><strong>centauri</strong></span> <span class='ocrx_word' id='word_1_232' title='bbox 1086 3615 1218 3680; x_wconf 85' lang='lat' dir='ltr'><strong>tinctam</strong></span> 
     </span>
     <span class='ocr_line' id='line_1_35' title="bbox 95 3717 1053 3801; baseline 0.011 -28"><span class='ocrx_word' id='word_1_233' title='bbox 95 3717 203 3780; x_wconf 83' lang='lat' dir='ltr'><strong>unicam</strong></span> <span class='ocrx_word' id='word_1_234' title='bbox 222 3720 388 3795; x_wconf 87' lang='lat' dir='ltr'><strong>induisset,</strong></span> <span class='ocrx_word' id='word_1_235' title='bbox 406 3721 646 3801; x_wconf 74' lang='lat' dir='ltr'><strong>inhaesissetque</strong></span> <span class='ocrx_word' id='word_1_236' title='bbox 659 3740 696 3783; x_wconf 85' lang='lat' dir='ltr'><strong>ea</strong></span> <span class='ocrx_word' id='word_1_237' title='bbox 710 3723 895 3801; x_wconf 84' lang='lat' dir='ltr'><strong>visceribus,</strong></span> <span class='ocrx_word' id='word_1_238' title='bbox 912 3725 956 3786; x_wconf 90' lang='lat' dir='ltr'><strong>ait</strong></span> <span class='ocrx_word' id='word_1_239' title='bbox 976 3723 1053 3785; x_wconf 90' lang='lat' dir='ltr'><strong>ille:</strong></span> 
     </span>
    </p>
   </div>
   <div class='ocr_carea' id='block_1_10' title="bbox 0 0 1400 4770">
    <p class='ocr_par' dir='ltr' id='par_1_19' title="bbox 0 0 1400 4770">
     <span class='ocr_line' id='line_1_36' title="bbox 0 0 1400 4770; baseline 0 0"><span class='ocrx_word' id='word_1_240' title='bbox 0 0 1400 4770; x_wconf 95' lang='lat' dir='ltr'><strong> </strong></span> 
     </span>
    </p>
   </div>
  </div>
 </body>
</html>
