2806 4764
629 281 827 348 -294-

145 434 183 491 eo
205 420 363 500 claraeque
386 422 557 499 sententia,
575 425 676 487 multa
701 426 798 488 etiam
818 441 946 486 morum
961 423 1061 503 gratia
1081 420 1232 500 legenda3
1247 417 1306 479 sed

142 525 176 588 in
201 527 381 607 eloquendo
407 536 558 609 corrupta
572 535 733 613 pleraque,
749 538 845 613 atque
867 550 904 594 eo
926 528 1199 611 perniciosissima
1213 526 1303 604 quod

141 632 304 695 abundant
314 634 462 697 dulcibus
470 634 553 697 vitiis
566 635 646 715 (1)».
660 638 748 698 Idem
768 638 862 716 paulo
876 641 949 697 ante
961 653 994 696 se
1010 634 1197 696 Ciceronem
1212 631 1304 692 valde

143 744 293 805 admirari
308 746 467 823 prolessus
487 750 534 808 est
552 764 582 806 :«
593 744 669 808 Mihi
685 746 808 807 videtur
825 746 866 807 M.
883 744 1016 819 Tullius,
1034 757 1133 821 quum
1148 757 1181 801 se
1196 744 1303 800 totum

141 852 180 912 ad
198 850 408 915 imitationem
437 855 619 916 Graeoorum
640 851 836 927 contulisset,
859 851 1019 913 effinxisse
1035 850 1100 911 vim
1112 846 1301 909 Demosthe-

139 958 198 1034 nis,
223 959 349 1038 copiam
375 961 523 1037 Platonis,
544 960 780 1039 jucunditatem
803 957 947 1020 Isocratis
972 955 1023 1036 (2).
1040 977 1055 1015 o
1078 956 1181 1033 Atque
1202 953 1299 1027 infra,

138 1083 237 1145 quum
261 1066 300 1127 ad
319 1064 526 1147 Philosophos
540 1067 677 1128 venisset
700 1086 707 1126 :
729 1065 945 1143 «Supersunt,
970 1060 1085 1140 inquit,
1101 1058 1156 1139 qui
1171 1060 1210 1120 de
1224 1058 1304 1119 Phi-

141 1174 285 1254 losophia
300 1175 496 1255 scripserint,
513 1194 578 1255 quo
598 1176 631 1236 in
644 1192 758 1255 genere
773 1172 981 1254 paucissimos
994 1170 1098 1231 adhue
1114 1169 1303 1248 eloquentes

135 1283 250 1344 litterae
275 1300 416 1345 romanae
443 1283 595 1345 tulerunt.
622 1285 711 1344 Idem
743 1282 841 1361 igitur
860 1281 901 1342 Μ.
921 1279 1056 1355 Tullius,
1082 1277 1136 1356 qui
1161 1276 1297 1354 ubique,

138 1388 234 1452 etiam
259 1390 293 1451 in
319 1389 380 1452 hoo
396 1407 493 1469 opere
513 1391 653 1452 Platonis
680 1389 813 1452 aemulus
836 1386 957 1450 exstitit
985 1385 1038 1466 (3).
1058 1409 1073 1447 n
1100 1387 1191 1447 Haud
1207 1386 1303 1447 aliter

139 1514 236 1577 quam
250 1497 303 1559 ille
316 1497 413 1560 sensit
425 1497 604 1576 posteritas.
626 1500 758 1578 Magnus
773 1499 806 1558 in
820 1495 1024 1574 Philosophia
1035 1495 1145 1557 Cicero
1164 1494 1301 1569 eminet3

141 1604 260 1683 quippe
273 1603 329 1683 qui
342 1621 522 1667 sermonem
543 1605 638 1666 rebus
652 1605 741 1666 novis
757 1604 1037 1666 accommodatum
1052 1602 1221 1663 effinxerit.
1233 1602 1302 1662 lmo

139 1696 272 1778 cuilibet
289 1734 411 1792 eorum,
436 1734 515 1796 quos
539 1717 653 1778 eodem
675 1715 708 1777 in
734 1733 849 1795 genere
865 1716 1001 1776 disertos
1020 1712 1228 1793 amplissimis
1245 1732 1300 1774 ex-

139 1821 215 1883 tulit
242 1823 359 1885 Graecia
376 1821 533 1898 laudibus
557 1827 640 1883 esset
663 1821 907 1900 comparandus,
933 1818 994 1880 nisi
1015 1819 1171 1881 defuisset
1191 1817 1240 1880 illi
1257 1820 1304 1896 <ut

142 1926 207 1987 dixi
228 1928 334 2008 supra)
349 1946 386 1989 ea
402 1928 510 2002 virtus,
537 1946 608 1991 vere
624 1925 752 2008 propria
766 1932 881 1988 nostrae
892 1927 987 2002 aetati,
1007 1943 1115 1988 rerum
1129 1925 1256 1988 scilicet
1270 1929 1305 1987 et

143 2035 311 2099 verborum
324 2053 429 2118 pressa
444 2036 615 2099 subtilitas.

575 2694 748 2774 CAPUT
775 2695 879 2775 VHI.

143 2979 301 3035 QUAERITUR
319 2981 383 3027 illm
411 2979 483 3026 ALIA
498 2982 607 3026 FUERIT
621 2981 764 3028 ELOCUTIO
781 2982 919 3028 CICERONI
941 2982 1026 3042 SUAS,
1044 2981 1115 3026 ALIA
1129 2979 1299 3029 GRAECORUM

185 3088 368 3135 sunrunrlns
390 3088 589 3153 ΕΧΡΙίΠνῘΕΝΤῌΙ
611 3091 674 3135 NUM
696 3092 762 3144 QUIS
777 3092 868 3137 INTER
887 3091 1085 3139 POSTERIORES
1099 3090 1303 3138 rumosorflos

185 3195 267 3242 novi
288 3197 388 3243 vunan
414 3197 570 3252 novisouu
596 3199 778 3246 murriones
801 3201 820 3245 Ε
843 3201 955 3248 dauers
978 3200 1145 3248 oxroussis
1171 3201 1307 3248 usuam-

188 3290 299 3350 vmrrl

186 3516 296 3579 Cicero
310 3517 426 3583 alicubi
441 3522 593 3600 praedioat
605 3541 638 3587 se
652 3542 749 3604 opera
758 3527 939 3589 Graecorum
954 3531 988 3589 ut
1003 3530 1176 3605 oratorem,
1190 3546 1255 3590 non
1270 3534 1307 3591 ut

144 3623 350 3703 interpretem
365 3627 398 3688 in
425 3628 559 3690 latinum
580 3633 786 3695 transtulisse.
805 3634 915 3695 Plures
933 3639 1039 3696 tamen
1053 3653 1091 3696 ex
1105 3636 1191 3697 illius
1205 3637 1308 3699 inter-

145 3732 375 3808 pretationibus
388 3735 455 3812 loci⁴
465 3737 679 3815 reperiuntur,
702 3741 786 3800 unde
800 3745 932 3819 apparet
946 3758 1018 3802 eum
1034 3741 1171 3802 multum
1185 3741 1307 3803 laboris

143 3836 268 3900 dedisse
286 3845 323 3901 ut
348 3839 479 3902 verbum
495 3859 552 3919 pro
566 3842 664 3904 verbo
687 3843 846 3907 redderet.
865 3847 973 3924 ltaque
994 3847 1020 3906 is
1036 3846 1241 3908 vehementer
1254 3864 1306 3909 er-

178 4119 215 4184 (l)
233 4117 317 4179 Quint.
330 4121 391 4170 lust.
405 4122 474 4169 Orat.
487 4117 517 4179 X,
535 4121 592 4171 129.

175 4203 212 4269 (2)
230 4202 315 4264 Quint.
331 4206 395 4255 last.
410 4205 480 4255 Orat.
494 4203 523 4263 X,
542 4207 600 4256 108.

175 4286 212 4353 (a)
230 4285 314 4346 Quint,
328 4290 390 4339 last.
408 4289 476 4342 orae.
492 4288 524 4354 ll,
541 4292 598 4343 123.
