2790 4770
571 287 768 361 ...219-

84 422 142 484 sed
168 428 216 486 est
243 443 367 507 magna.
394 427 496 489 Habet
521 425 607 488 enim
640 433 672 490 et
708 429 814 508 legum
839 425 1134 507 interpretationem
1166 423 1242 486 satis

85 538 213 594 acutam
240 530 272 593 in
287 540 453 614 utramque
468 540 604 614 partem,
625 541 656 596 et
674 533 863 596 meritorum
876 532 909 595 in
925 530 1156 612 rempublicam
1172 548 1245 593 eon-

86 636 263 700 tentionem
295 658 370 702 sane
399 656 536 720 gravem.
564 641 675 719 Itaque
706 659 800 702 eausa
825 638 980 715 AEschini,
1008 636 1157 718 queniam
1176 636 1244 716 ipse

86 766 106 808 a
119 749 330 810 Demosthene
342 754 424 811 esset
448 746 559 828 eapitis
572 753 745 819 accusatus,
763 748 849 827 quod
862 745 1054 825 legationem
1075 741 1245 806 ementitus

87 861 172 918 esset
191 855 245 936 (l),
264 861 299 917 ut
319 854 494 918 ulciscendi
514 853 636 917 inimici
650 873 756 930 eausa,
769 855 898 917 nomine
917 853 1140 934 Ctesiphontis,
1162 851 1247 931 judi·

86 961 177 1025 eium
202 961 291 1024 lieret
305 962 343 1025 de
358 960 448 1024 tactis
469 963 615 1042 famaque
636 961 869 1024 Demosthenis.
888 964 955 1024 Non
969 960 1055 1023 enim
1067 967 1132 1022 tam
1148 960 1247 1020 multa
1276 1025 1278 1028 Α

87 1067 170 1131 dixit
188 1070 227 1130 de
244 1067 419 1131 rationibus
440 1088 503 1131 non
516 1068 635 1147 relatiS,
658 1087 753 1149 quam
770 1071 809 1132 de
825 1087 863 1131 ec
880 1068 965 1149 quod
979 1067 1054 1131 civis
1068 1066 1246 1147 improbus,

88 1176 127 1234 ut
139 1169 289 1249 optimus,
306 1172 452 1235 laudatus
467 1176 562 1234 essct.

131 1279 218 1342 Hanc
240 1281 373 1342 multam
386 1278 551 1343 AEsehines
567 1298 585 1340 a
600 1278 803 1358 Ctesiphonte
830 1279 922 1359 petiit
943 1278 1153 1360 quadriennio
1175 1281 1248 1338 ante

88 1381 231 1463 Philippi
258 1383 442 1447 Macedonis
467 1391 621 1461 mortem;
652 1388 707 1448 sed
733 1385 892 1467 judicium
914 1389 1033 1450 laetum
1060 1393 1107 1450 est
1130 1384 1251 1465 aliquot

88 1487 182 1550 annis
211 1494 292 1569 post,
316 1490 494 1553 Alexandro
518 1492 585 1571 jam
610 1491 715 1554 Asiam
734 1499 862 1557 tenente
891 1515 898 1556 :
928 1496 966 1556 ed
983 1497 1069 1575 quod
1091 1490 1249 1573 judicium

88 1614 265 1660 concursus
286 1594 404 1659 dicitur
430 1616 447 1659 e
465 1603 533 1661 tcta
556 1598 678 1662 Graeeia
693 1601 793 1662 taetus
809 1620 890 1663 esse.
920 1601 1000 1675 Ouid
1017 1599 1103 1663 enim
1118 1606 1172 1662 aut
1184 1605 1250 1662 tam

88 1701 259 1765 visendum
285 1709 339 1766 aut
363 1703 557 1767 audiendum
583 1705 653 1780 luit,
680 1725 776 1786 quam
802 1726 1003 1769 summorum
1019 1713 1194 1784 oratorum,
1218 1705 1251 1774 in

90 1808 277 1890 gravissima
289 1826 394 1885 eausa,
411 1818 558 1873 accurata
572 1819 604 1874 et
618 1810 794 1874 inimicitiis
811 1812 938 1875 incensa
952 1812 1136 1876 eontentio?

138 1915 215 1992 Cic,
239 1918 376 1993 Tuseel„
393 1920 431 1992 V,
445 1923 549 1999 capt)
565 1939 572 1980 :
590 1953 630 1965 -
644 1920 706 1982 Sed
722 1920 784 1980 hoc
801 1918 868 1980 isne
885 1918 974 1995 dicit,
992 1919 1058 1999 qui,
1077 1936 1178 1998 quum
1193 1920 1251 1979 do-

91 2027 199 2087 lorem
224 2042 287 2085 uon
314 2027 412 2086 modo
439 2025 615 2088 maximum
631 2027 760 2101 malum,
791 2028 846 2088 sed
873 2028 977 2088 solum
1009 2029 1129 2088 malum
1156 2025 1252 2088 etiam

93 2130 234 2207 dixerit,
265 2137 331 2194 toto
360 2150 493 2213 corpore
508 2131 646 2213 opprimi
675 2132 775 2212 possit
804 2133 970 2196 doloribus
988 2132 1164 2207 acerrimis,
1185 2138 1253 2194 tum

94 2258 201 2322 quum
218 2239 353 2304 maxime
369 2248 480 2305 contra
494 2242 655 2303 fortunam
671 2239 842 2321 glorietur?
863 2242 953 2313 Quod
968 2241 1054 2302 idem
1070 2237 1255 2301 melioribus

94 2351 196 2417 etiam
209 2351 313 2414 verbis
327 2353 526 2415 Metrodorus
550 2371 556 2412 :
578 2349 775 2431 «occupavi,
796 2348 910 2430 inquit,
935 2355 977 2425 te,
995 2352 1145 2421 Fortuna,
1160 2353 1255 2426 atque

95 2458 192 2539 cepi3
220 2476 393 2539 omnesque
420 2456 524 2520 aditus
544 2462 615 2519 tuos
643 2453 818 2529 interclusi,
837 2460 873 2516 ut
887 2455 924 2516 ad
949 2471 1000 2515 me
1015 2451 1178 2533 adspirare
1193 2468 1255 2511 non

97 2586 213 2649 posses
227 2566 281 2649 (2).
298 2589 314 2624 n

143 2678 221 2754 Cic,
243 2678 378 2753 Taceat,
394 2677 431 2751 V,
463 2693 532 2754 cap.
547 2677 608 2736 36:
641 2669 757 2733 «Veni
786 2669 938 2747 Athenas,
969 2668 1073 2750 inquit
1097 2665 1259 2730 Democri·

98 2792 156 2849 tus
173 2784 227 2866 (3),
243 2801 347 2864 neque
361 2801 412 2845 me
425 2780 594 2862 quisquam
616 2775 660 2838 ihi
684 2775 821 2856 agnovit.
844 2801 858 2831 n
877 2777 1080 2836 Constantem
1094 2771 1259 2835 hominem

100 2900 138 2959 et
149 2898 292 2976 gravem!
308 2892 363 2975 qui
378 2889 530 2971 glorietur
543 2907 577 2950 se
597 2907 615 2949 a
629 2886 730 2968 gloria
739 2883 889 2947 abluisse.
902 2917 942 2928 -
954 2882 1049 2956 Idem,
1069 2880 1200 2955 Taceat,
1218 2881 1256 2955 V,

99 3020 177 3082 cap.
198 3004 256 3063 36:
273 3032 312 3046 -
326 3001 379 3060 Est
393 2997 477 3077 apud
493 2994 688 3057 Heraclitum
710 2993 879 3074 physicum
891 2993 930 3052 de
952 2988 1095 3070 principe
1107 2985 1261 3067 Ephesio·

101 3127 177 3172 rum
202 3086 424 3193 Hermodoro:
444 3127 459 3163 «
482 3103 659 3176 Universos
688 3102 743 3177 ait,
772 3099 923 3180 Ephesios
944 3115 1011 3160 esse
1033 3102 1136 3158 morte
1160 3096 1261 3157 mule-

100 3219 229 3295 tandos,
244 3218 343 3298 quod,
361 3233 460 3297 quum
481 3213 607 3276 civitate
620 3212 815 3290 expellerent
842 3209 1084 3278 Hermodorum,
1106 3203 1148 3266 ita
1162 3203 1261 3267 locuti

102 3626 198 3679 Latinis
212 3623 292 3674 verbis
305 3645 317 3668 «
331 3622 447 3690 quoniam
460 3638 510 3671 non
522 3630 582 3670 esset
597 3619 659 3669 hene
671 3616 772 3667 meritus
786 3616 815 3664 de
830 3613 937 3663 civitate.
948 3611 1004 3662 oct.
1017 3611 1114 3662 Graece:
1127 3633 1138 3656 ιι
1149 3614 1199 3670 *Ὠς
1211 3609 1264 3662 οὔτ’

102 3711 196 3778 ἤρξατο
217 3711 295 3774 λέγειν
309 3710 341 3760 τὰ
355 3710 477 3775 βέλτιστα,
491 3707 549 3756 οὔτε
565 3703 608 3755 νῦν
622 3702 726 3755 διατελεῖ
743 3700 858 3768 πράττων
880 3699 911 3749 τὰ
931 3698 1090 3764 συμφέροντα
1108 3698 1144 3762 τῷ
1160 3697 1241 3762 δήμῳ,
1251 3716 1263 3740 ιι

104 3797 153 3857 vel,
164 3818 176 3840 ιι
188 3796 218 3848 οὐ
231 3796 262 3846 τὰ
279 3796 395 3861 βῦιτιστα
409 3793 525 3858 τῷδήμῳ
539 3790 735 3840 πεπολιτεῦσθαι.
751 3807 762 3830 n

139 3881 176 3946 (l)
194 3879 275 3942 Qurim
287 3876 346 3928 dicit
360 3877 446 3927 Cicero
465 3898 477 3920 «
490 3875 556 3941 quod
571 3873 714 3939 legationem
728 3869 857 3921 ementitus
873 3877 942 3928 esset,
957 3890 969 3914 »
989 3868 1110 3933 eleganter
1122 3865 1147 3915 id
1160 3864 1265 3932 explicat

104 3965 172 4032 quod
185 3980 235 4014 uno
249 3962 323 4013 verbo
337 3978 412 4028 grece
426 3961 517 4011 dieitur
528 3981 540 4004 a
551 3958 752 4025 Hapaups'cdere.
768 3978 779 3999 »

140 4052 177 4116 (2)
196 4048 327 4100 Metrodori
339 4046 412 4097 verba
425 4055 481 4096 sunt
494 4063 500 4094 ι
514 4066 524 4089 ιι
533 4041 752 4111 Προκατεὶλημμσιί
762 4057 798 4099 σε,
811 4036 830 4089 ὦ
845 4039 923 4106 Τύχη,
932 4037 975 4090 καὶ
989 4039 1070 4088 πᾶσιν
1089 4037 1132 4096 τὴν
1146 4037 1192 4095 σὴν
1203 4036 1264 4100 ἀσή-

107 4151 186 4202 ρῃμαι
202 4133 371 4201 παρείσδυσιν.
392 4154 403 4175 n

141 4219 178 4287 (3)
196 4217 251 4269 vid.
266 4217 367 4285 Diogen.
382 4216 475 4278 Laese,
490 4213 530 4276 lx,
542 4215 574 4263 36
584 4229 590 4263 :
602 4233 614 4257 ι
634 4204 724 4263 Ἦλθον
735 4209 790 4277 γάρ,
800 4228 880 4275 φησιν,
895 4209 919 4266 ἐς
928 4209 1032 4269 Ἀθῆναι,
1043 4205 1084 4256 καὶ
1096 4205 1162 4262 οὔτις
1180 4221 1209 4267 με
1223 4204 1263 4268 ἐγ·

106 4321 220 4357 νωκιν.»
295 4322 315 4328 ··
