2790 4770
594 300 795 364 -257-

521 565 560 612 De
572 563 633 613 Nat.
648 564 731 622 Deor„
747 561 791 613 lib.
806 560 847 613 ΙΙΙ.

159 743 233 824 Cap.
257 745 277 804 6
302 760 310 803 :
333 775 373 789 -
393 741 560 805 Consilium
586 743 668 806 iliud
700 746 931 824 imperatorium
954 743 1025 820 luit,
1063 743 1147 823 quod
1173 741 1273 808 Graeci

119 849 305 931 Στριιήγημιι
328 852 501 932 appellant,
522 852 579 915 sed
603 871 714 916 eorum
741 853 979 932 imperatorum,
998 853 1053 934 qui
1067 852 1179 933 patriae
1194 869 1272 915 con·

119 959 270 1036 sulerent,
290 958 363 1022 vira
378 977 443 1022 non
457 967 634 1040 parcerent.
800 1029 807 1046 ,

159 1068 234 1147 Gap.
251 1071 287 1129 il
306 1087 314 1129 :
329 1069 438 1131 -illa
457 1088 531 1133 roro
545 1071 684 1134 cohaeret
697 1077 728 1134 et
742 1076 907 1152 permanet
920 1075 1042 1133 naturas
1061 1069 1191 1148 viribus,
1209 1088 1284 1138 non,

122 1178 281 1252 Deorum;
306 1182 416 1258 estque
426 1177 460 1241 in
472 1195 510 1241 ea
521 1181 576 1242 istc
588 1182 677 1260 quasi
689 1195 856 1254 ammonam,
871 1195 968 1259 quam
982 1178 1156 1257 Συμπάθιιαν
1172 1177 1274 1243 Gracci

124 1291 274 1349 vocant...
1179 1305 1183 1311 ’

161 1393 235 1474 Cap.
253 1397 291 1457 io
319 1413 326 1455 ε
349 1427 389 1441 -
411 1395 467 1457 luo
494 1395 558 1457 Dea
573 1394 708 1472 dicetur,
729 1412 803 1476 quae
825 1391 989 1457 mesatica
1004 1396 1132 1473 Graecis
1150 1397 1276 1461 anobis

123 1500 240 1563 dictato
267 1501 396 1578 dicitur,
424 1519 523 1581 quum
548 1503 589 1564 sit
608 1501 718 1565 Cadmi
738 1502 822 1566 lilia?
836 1537 877 1550 -
898 1482 1000 1566 Paulo
1015 1511 1084 1584 post
1110 1507 1277 1587 :Itemque

124 1607 311 1669 lomroticnm
325 1614 368 1670 est
380 1608 539 1670 delubrum
555 1608 698 1686 Athenis,
715 1608 802 1690 quod
815 1609 965 1690 Λεωκόριον
982 1611 1174 1676 nominatur.

161 1716 238 1795 Gap.
255 1717 295 1778 20
310 1734 317 1775 :
331 1715 445 1778 -Cur
459 1722 567 1779 autem
580 1716 655 1779 Arri
673 1721 784 1797 species
797 1716 906 1779 nonin
919 1719 1058 1781 Deorum
1077 1737 1212 1784 numero
1224 1739 1276 1785 rc·

124 1823 278 1901 ponatur?
298 1824 353 1886 Est
377 1823 463 1886 cuim
484 1824 629 1905 pulcher,
657 1830 689 1888 et
715 1824 756 1888 ob
786 1842 855 1888 eam
880 1842 1020 1903 causam,
1041 1825 1118 1906 quia
1134 1828 1275 1908 speciem

123 1930 217 1996 habet
225 1932 459 2012 admirabilem,
475 1933 664 1996 Thaumante
677 1933 719 2014 (l)
731 1933 849 1997 dicitur
865 1950 932 1996 csse
942 1938 1046 1997 natus.

158 2042 233 2120 Cap.
258 2043 296 2104 m
318 2040 549 2125 ε-Διόσκουριι
568 2042 665 2105 etiam
685 2044 770 2123 apud
796 2043 905 2104 Graios
925 2041 1034 2106 multis
1054 2043 1157 2106 modis
1172 2045 1277 2108 nomi·

123 2158 248 2216 uantur.
267 2149 367 2215 Primi
381 2158 456 2230 tres,
474 2153 528 2233 qui
540 2153 742 2235 appellantur
753 2150 878 2220 Ἄνακτες
892 2152 1035 2231 Athenis,
1052 2157 1187 2235 exlore,
1200 2174 1275 2238 rege

125 2255 355 2339 antiquissimo,
379 2263 411 2321 et
431 2258 621 2339 Proserpina
645 2259 722 2334 nati,
751 2258 979 2338 Tritopatreus,
1001 2258 1172 2338 Eubuleus,
1200 2261 1277 2324 Dio·

127 2381 239 2445 uysus3
254 2361 398 2439 secundi,
417 2364 494 2426 Jove
508 2361 601 2427 tertio
615 2363 681 2426 nati
693 2380 731 2427 ex
743 2364 840 2441 Leda,
856 2364 966 2428 Castor
980 2369 1014 2428 et
1029 2366 1175 2431 Pollux...

584 2603 623 2651 De
639 2598 799 2652 Divinatione.

157 2793 227 2856 Lib.
242 2795 267 2866 1,
280 2809 351 2875 cap.
369 2796 383 2856 l
404 2811 412 2855 ε
427 2823 469 2840 -
482 2792 577 2855 Vetus
591 2791 700 2872 opinio
714 2791 838 2872 estjam
850 2807 951 2871 usquc
969 2789 1010 2853 ab
1026 2792 1164 2856 heroicis
1176 2795 1273 2860 ducta

122 2900 331 2981 temporibus,
349 2917 450 2981 caque
464 2905 497 2963 et
510 2899 621 2980 populi
635 2897 771 2961 Romani
789 2904 820 2961 et
833 2898 978 2960 omnium
991 2900 1132 2979 gentium
1148 2902 1273 2966 firmata

121 3025 288 3087 consensu,
311 3009 429 3072 versari
456 3009 627 3089 quamdam
650 3008 733 3070 intcr
756 3006 902 3069 homines
922 3007 1150 3087 diuinationem,
1177 3028 1273 3091 quam

119 3115 219 3180 Graeci
240 3115 384 3191 Μαντικὴν
402 3116 573 3197 appellant,
596 3115 629 3179 id
651 3122 709 3187 est,
725 3114 948 3194 praesensionem
960 3122 987 3177 et
999 3120 1271 3184 scientiomrerum

113 3221 305 3300 futurorum.
335 3223 500 3304 Magnifica
527 3222 657 3304 quidem
680 3239 729 3284 res
749 3229 781 3285 et
794 3221 951 3299 salutaris,
967 3222 992 3284 si
1013 3224 1110 3287 modo
1128 3228 1176 3289 est
1189 3228 1269 3305 ulla;

118 3347 245 3412 quaque
259 3331 403 3410 proxime
418 3330 459 3392 ad
472 3331 610 3393 Deorum
624 3329 687 3390 rim
700 3333 812 3390 natura
834 3327 976 3390 mortalis
994 3328 1093 3408 possit
1104 3334 1267 3398 accedere.

117 3438 226 3517 ltaque
240 3443 275 3500 ut
294 3437 355 3499 alia
383 3455 442 3499 nos
457 3435 571 3500 melius
594 3436 704 3510 mulla,
728 3451 826 3516 quam
840 3434 952 3511 Graeci,
974 3433 1020 3498 sic
1031 3435 1107 3501 huic
1121 3447 1272 3519 prasian-

116 3553 306 3619 tissimaerei
320 3572 437 3619 nomen
452 3554 551 3616 nostri
567 3570 585 3614 a
599 3550 695 3624 Diris,
709 3550 822 3626 Graeci,
839 3555 875 3612 ut
893 3550 982 3613 Plato
997 3549 1234 3632 iuterpretatur,
1251 3574 1270 3618 a

115 3664 222 3726 lurore
240 3665 410 3727 duxerunt.

154 3773 230 3852 Cap.
247 3774 310 3834 10:
336 3804 377 3817 -
455 3769 535 3842 Quid
550 3766 733 3851 Ἀριστιλιχίι
755 3765 795 3828 ad
816 3782 939 3828 morsus
955 3773 1139 3847 serpentum
1157 3769 1267 3851 possit,

114 3896 187 3960 quae
202 3895 319 3940 nomen
342 3895 380 3941 cx
396 3877 560 3939 inventore
580 3875 736 3955 reperit...

154 3987 229 4063 Cap.
256 3986 296 4046 23
312 4003 319 4044 :
338 4018 375 4029 -
390 3982 470 4056 Quid
481 4002 551 4064 ego,
570 3999 642 4063 quar.
663 3978 753 4060 ild-pr
765 3981 844 4062 Cyro
859 3980 905 4042 illi
919 3980 1056 4061 principi
1071 3980 1270 4062 interpretati

113 4099 198 4169 sunt,
215 4111 255 4155 ex
282 4091 415 4155 Dinonis
438 4089 574 4156 Persicis
599 4088 689 4152 libris
716 4089 873 4169 proferam
891 4091 906 4153 l
927 4125 969 4138 -
989 4093 1091 4156 Paulo
1112 4093 1268 4174 inferius:

151 4334 189 4401 (ι)
208 4330 340 4393 riam,
352 4345 428 4397 pare
441 4330 553 4396 Θαύμας,
566 4344 597 4379 ex
610 4326 684 4380 verbo
697 4328 837 4394 θαυμάζειν.
1094 4414 1110 4477 1

1077 4468 1082 4479 .
1112 4416 1131 4476 *i
