2790 4770
561 323 762 386 -117—

77 464 143 526 vias
160 463 351 544 reperiendo
371 461 450 526 illud
470 459 586 542 insigni
602 465 717 524 conatu
731 458 905 522 commovit
923 462 1085 520 certamen
1100 456 1245 538 ingenio·

78 589 163 649 rum,
179 589 244 652 quo
271 559 569 652 antiquissimorum
582 569 769 633 Latinorum
791 568 929 632 rationes
945 557 1087 630 metricae
1102 557 1243 647 primurn

78 677 196 742 acriter
222 696 398 757 concussae,
423 699 498 743 mox
526 679 667 744 funditus
682 697 798 742 eversae
823 684 897 740 sunt
916 676 968 758 (l).
982 699 997 737 o
1017 712 1053 723 -
1079 677 1143 738 Nos
1170 695 1244 741 vero

77 787 283 848 hexametros
316 790 442 848 tantum
483 790 515 848 ct
556 784 698 848 iambeos
734 782 844 864 paucis
881 779 1109 859 tractabimus,
1143 799 1242 862 quum

78 896 205 958 nullum
223 887 315 957 aliud
340 893 521 958 carminum
545 910 645 973 genus
680 894 722 976 (2)
747 911 766 955 a
793 893 836 956 ll.
858 889 962 955 Tullio
991 896 1175 972 usurpatum
1202 891 1245 954 vi-

79 1008 223 1068 deamus.
505 1080 510 1089 κ

119 1111 241 1174 Ennius
256 1114 368 1174 auctor
387 1109 421 1172 in
438 1109 546 1173 herois
560 1109 713 1188 versibus,
729 1127 810 1189 quos
829 1105 898 1188 ipse
910 1108 1022 1188 longos
1041 1107 1181 1188 appellat
1194 1105 1246 1187 (3),

80 1235 196 1298 magna
210 1218 359 1281 libertate
383 1217 484 1280 utitur
511 1234 673 1297 :namque
686 1222 722 1280 ut
738 1214 855 1280 Graecis
870 1212 1111 1295 posterioribus,
1127 1211 1173 1276 sic
1187 1215 1247 1275 ltn-

78 1325 133 1388 nio
149 1324 249 1387 nimia
262 1325 368 1389 olfecit
387 1325 518 1388 Homeri
532 1323 715 1403 auctoritas,
742 1341 869 1405 «quem
893 1339 968 1385 sanc
991 1339 1028 1386 ea
1042 1321 1243 1385 veneratione

79 1438 153 1496 sunt
178 1433 341 1513 prosecuti
369 1451 466 1513 quam
485 1433 704 1516 εῖδωλολατρείαν
723 1437 839 1495 vocant
867 1431 929 1513 ipsi
955 1430 1013 1512 (4).
1041 1451 1058 1491 o
1083 1434 1248 1495 -Tanta

79 1541 212 1622 quidem
239 1540 376 1621 exempli
399 1542 445 1604 vis
480 1541 513 1603 in
539 1540 663 1605 Graecia
689 1539 853 1605 licentiam
880 1539 1041 1621 poeticam
1065 1540 1156 1620 quasi
1169 1558 1246 1604 con·

79 1649 231 1726 secravit;
255 1650 364 1713 Roma
387 1651 482 1731 longe
515 1650 609 1713 aliter
636 1667 704 1714 sese
732 1667 783 1712 res
807 1646 929 1712 habuit.
952 1648 1091 1711 Alterius
1116 1648 1245 1712 Homeri

81 1759 146 1821 cito
160 1759 269 1822 senuit
283 1758 467 1836 auctoritas,
484 1759 721 1841 heredibusque
730 1759 797 1840 ejus
808 1757 903 1838 copia
913 1754 1067 1838 permissa
1081 1761 1129 1820 est
1139 1773 1246 1819 versus

82 1863 185 1927 multo
200 1863 423 1928 concinniores
435 1864 607 1929 efficiendi.

118 1971 214 2035 Plura
227 1978 301 2036 sunt
318 1975 404 2056 apud
425 1973 563 2037 Ennium
582 1974 659 2038 vitia
672 1992 745 2056 quae
759 1990 836 2038 rere
848 1972 1020 2036 Homerica
1032 1972 1097 2036 dici
1110 1974 1241 2052 queunt,

78 2079 125 2143 uti
139 2084 290 2145 extremae
303 2081 482 2147 carminum
496 2084 547 2147 hae
564 2088 671 2165 partes
687 2103 695 2147 t

277 2332 286 2350 .
307 2333 315 2350 .
336 2334 344 2351 .
365 2333 373 2351 .
393 2296 482 2354 Simul
494 2297 619 2372 auspicio
631 2297 803 2373 augurioque

277 2422 286 2438 .
307 2424 315 2439 .
337 2424 345 2439 .
366 2424 375 2440 .
394 2400 508 2445 servans
518 2403 605 2462 genus
616 2386 812 2445 altivolantum

279 2513 433 2531 ......
452 2475 552 2550 pedem
565 2477 708 2535 stabilibat
719 2477 764 2551 (5),
778 2485 833 2535 etc.

81 2678 234 2753 Quaedam
259 2696 334 2742 vero
361 2681 455 2744 facile
475 2683 578 2745 Ennio
601 2684 846 2763 condonantur,
869 2685 956 2766 quod
977 2685 1043 2747 iere
1061 2701 1121 2762 pro
1144 2680 1245 2745 nihilo

78 2785 252 2850 verborum
273 2786 375 2852 exitus
394 2789 497 2853 Latini
524 2792 687 2856 ducerent.
711 2791 806 2872 Cujus
827 2790 872 2854 rei
893 2792 1039 2870 exempla
1066 2796 1139 2853 sunt
1162 2790 1244 2852 adeo

81 2897 182 2958 multa
193 2901 229 2958 ut
241 2896 293 2959 vix
309 2899 470 2961 numerari
485 2905 626 2979 possent.
652 2900 710 2963 llic
724 2917 825 2981 pauca
837 2900 934 2963 allero
951 2919 959 2961 ε
978 2896 1154 2962 ...faucibu’
1169 2914 1243 2960 cur·

81 3022 136 3066 rus
149 3037 192 3052 -
203 3007 296 3069 ...Sol
312 3006 396 3069 albu'
417 3006 548 3071 recessit
558 3045 595 3058 -
616 3007 769 3071 ...artibu'
784 3008 903 3070 lumen.
918 3041 955 3054 -
973 3006 1050 3070 llaec
1068 3006 1172 3068 ellatu’
1186 3023 1245 3086 pa-

81 3117 157 3175 ter..
194 3129 196 3133 ·

123 3221 290 3325 Lucretius
314 3224 488 3306 aliquando
515 3223 629 3287 eadem
649 3241 725 3286 usus
742 3228 790 3288 cst
806 3224 910 3288 venia.
928 3223 1125 3306 Ignoscenda
1138 3223 1244 3286 minus

80 3328 150 3392 baec
165 3335 294 3410 peccata
310 3350 318 3393 ε

114 3680 151 3746 (1)
169 3677 253 3729 lucil.
264 3682 305 3728 De
317 3697 343 3728 re
354 3679 463 3742 metrica,
478 3696 503 3747 p.
516 3683 560 3734 68.

114 3764 151 3829 (2)
168 3762 238 3814 Fecit
251 3764 340 3832 etipse
355 3764 442 3815 Cicero
455 3781 538 3816 versus
551 3765 679 3832 impariter
688 3767 800 3832 junctos3
811 3776 837 3819 at
848 3767 989 3834 paucissimi
998 3783 1075 3834 usque
1087 3768 1120 3818 ad
1133 3784 1178 3819 nos
1189 3785 1247 3836 per·

79 3864 179 3900 reuma.
191 3846 246 3898 Duo
257 3857 353 3899 tantum
366 3848 470 3900 disticha
482 3850 598 3901 eGraecis
609 3867 725 3901 conversa
737 3851 850 3918 legimus3
866 3852 907 3902 illa
916 3853 1027 3919 superius
1036 3852 1132 3920 scripsi.
1142 3853 1175 3905 11.
1186 3853 1247 3904 Tul·

79 3934 116 3985 lio
129 3934 198 3984 haud
211 3932 310 3984 difficile
321 3933 369 3987 tuit
377 3951 407 3986 ca
417 3951 480 4002 pura
493 3945 519 3986 et
532 3936 660 3986 emendata
673 3937 788 3998 condere,
800 3954 879 4004 quum
896 3936 975 3988 Graeci
987 3937 1015 3988 in
1031 3936 1107 3989 isdem
1120 3937 1246 4006 perlectis·

79 4019 137 4069 simi
154 4018 214 4071 siut.
234 4017 348 4086 Exceptis
363 4035 419 4086 quae
436 4020 540 4087 protulit
562 4018 728 4081 Quintilianus
746 4022 867 4083 distichis,
887 4023 1060 4091 epigrammata
1079 4024 1129 4074 duo
1142 4025 1248 4090 ejusdem

78 4103 153 4155 metri
167 4104 282 4154 adversus
289 4103 405 4154 mulieres
417 4121 490 4155 nemo
504 4121 555 4156 non
568 4106 686 4158 memoria
700 4116 776 4159 tenet.

113 4189 152 4255 (3)
169 4192 207 4238 De
218 4193 278 4257 Leg.
288 4187 321 4251 ll,
336 4191 380 4251 tt,
392 4193 434 4242 68.

114 4273 152 4340 (1)
168 4272 253 4324 lesaii.
266 4277 304 4323 De
315 4273 460 4341 remetrica,
471 4291 499 4342 p.
520 4278 576 4327 lat.

115 4359 154 4425 (b)
171 4357 228 4411 Vrd.
240 4357 270 4411 11.
285 4357 369 4426 Egger,
385 4357 449 4412 cett.
462 4378 489 4412 o.
502 4377 523 4412 s.
538 4377 564 4428 p.
576 4362 623 4412 ttt
637 4369 663 4411 et
675 4357 729 4428 sqq.
