2790 4770
634 314 833 378 -250-

578 572 642 642 eia,
657 572 800 633 Tusculum,
815 573 859 626 lib.
873 572 892 624 l.

198 742 305 822 Capi
338 765 402 807 ε-
423 747 515 806 Omne
532 751 766 823 pronuntiatum
785 746 842 827 (sie
869 745 955 809 enim
979 743 1057 807 mihi
1083 744 1116 805 in
1145 742 1320 823 praesentia

126 889 128 893 ,
162 852 313 930 oeourrit,
324 859 361 915 ut
375 854 566 932 appellarem
579 852 718 930 «Ἀξίωμα
737 873 769 916 :n
789 859 861 917 utar
872 859 944 933 post
956 853 1030 928 alio,
1043 850 1071 912 si
1084 852 1240 914 invenero
1253 868 1320 913 me·

161 958 245 1041 lius),
261 961 294 1020 id
312 979 386 1041 ergo
399 968 446 1025 est
456 968 705 1040 pronuntiatum,
726 964 814 1043 quod
830 967 877 1024 est
892 979 1004 1023 rerum
1018 965 1074 1022 aut
1087 960 1216 1022 falsum.

198 1067 273 1144 dap.
302 1070 364 1129 lo:
387 1069 587 1130 -Proxime
614 1074 720 1131 autem
741 1068 960 1151 Aristoxenus,
992 1065 1132 1128 musicus
1165 1065 1319 1144 idemque

161 1171 380 1251 philosophus,
412 1176 509 1254 ipsius
537 1176 680 1254 eorporis
706 1180 902 1237 intentionem
924 1175 1108 1253 quamdam,
1137 1173 1196 1245 vel,
1225 1172 1319 1235 utin

161 1285 257 1341 cantu
275 1286 306 1342 et
332 1282 456 1356 fidibus
479 1302 550 1363 quae
580 1283 706 1365 Ἁρμονία
730 1283 859 1359 dieitur,
880 1283 924 1343 sio
940 1280 1132 1363 excorporis
1147 1280 1249 1342 totius
1263 1297 1319 1341 na·

161 1390 232 1446 tura
247 1392 278 1449 et
290 1388 389 1467 figura
402 1391 505 1453 varios
518 1397 622 1454 motus
634 1391 722 1466 cieri,
740 1397 891 1471 tanquam
906 1391 939 1452 in
956 1395 1051 1451 cantu
1065 1407 1171 1451 sonos.

198 1491 311 1553 Ibidem
328 1515 335 1554 :
351 1527 392 1539 -
407 1496 557 1568 Quintum
575 1517 673 1577 genus
698 1498 830 1560 adhibet
846 1497 900 1579 (l),
917 1516 1030 1561 vacans
1045 1497 1196 1573 nomine;
1213 1501 1245 1561 et
1264 1493 1310 1556 sie

160 1596 266 1674 ipsum
283 1598 425 1661 animum
441 1601 624 1682 Ἐντελεχείαν
640 1604 779 1683 appellat
790 1620 872 1665 novo
886 1601 1027 1679 nomine,
1043 1603 1131 1680 quast
1143 1599 1310 1681 quomdam

160 1709 362 1768 continuatam
377 1714 533 1771 motionem
550 1718 578 1771 et
588 1729 761 1790 perennem.

199 1813 272 1890 Cap.
291 1817 328 1875 th
347 1815 604 1891 :-Quidt1n0,
623 1817 731 1879 Cadmi
748 1813 822 1890 lilia,
839 1831 944 1877 nonne
958 1812 1091 1873 Λευκοθέα
1113 1812 1312 1874 nominataa

161 1922 288 1998 Graecia,
311 1923 430 1985 Mutata
445 1926 581 1987 habetur
593 1943 611 1986 a
624 1925 758 1987 nostris?

200 2029 273 2107 Cap.
302 2033 362 2092 ll:
390 2065 430 2078 -
449 2033 528 2092 Num
551 2032 647 2111 igitur
672 2031 853 2093 dubitamus
868 2047 919 2105 an,
937 2029 1018 2090 siout
1039 2028 1203 2107 pleraque,
1221 2028 1267 2089 sie
1281 2032 1313 2088 et

160 2133 221 2195 hoo
244 2133 437 2214 (quanquam
463 2136 524 2198 hoe
539 2137 670 2216 quidem
694 2133 839 2210 minime3
867 2132 1058 2213 persuadent
1084 2132 1171 2193 enim
1193 2131 1313 2193 matbe-

160 2241 300 2319 matioitl
321 2245 451 2307 Terram
475 2246 507 2305 in
533 2246 639 2306 medio
658 2224 776 2306 mundo
792 2241 885 2304 sitam
912 2241 952 2302 ad
969 2239 1103 2302 universi
1133 2238 1207 2301 ooeli
1227 2257 1313 2302 oom-

161 2350 289 2426 plexum
303 2355 387 2429 quasi
394 2357 501 2429 puncti
514 2357 612 2414 instar
624 2351 778 2428 obtinere,
795 2351 880 2434 quod
897 2348 1012 2428 Κέντρον
1026 2347 1072 2409 illi
1084 2353 1252 2426 vocant...

200 2456 275 2533 Cap.
293 2459 331 2516 24
356 2476 417 2518 :-
440 2461 504 2521 Neo
532 2477 604 2521 vero
620 2460 688 2519 fieri
713 2459 777 2520 ullo
799 2460 896 2520 modo
920 2475 1024 2538 posse,
1040 2463 1075 2519 ut
1096 2475 1114 2517 a
1137 2456 1245 2535 pueris
1266 2460 1315 2517 tot

161 2583 275 2644 rerumv
295 2575 390 2648 atque
412 2575 569 2630 tantarum
594 2571 697 2630 insitos
714 2574 741 2629 et
763 2571 850 2647 quoii
878 2571 1068 2644 eonsipnutns
1089 2567 1122 2625 a'n
1136 2567 1247 2624 onitate
1261 2582 1314 2624 no·

162 2676 265 2748 tiones,
287 2694 364 2755 quas
380 2676 499 2742 Ἐννοίας
513 2681 636 2755 vocant,
649 2675 850 2750 haberemus,
866 2674 926 2734 nisi
947 2673 1082 2748 animus,
1098 2677 1270 2750 antequam
1280 2671 1312 2730 iu

162 2795 276 2856 corpus
294 2778 482 2857 intravisset,
503 2781 534 2842 in
550 2799 655 2843 rerum
678 2781 859 2855 cognitione
880 2780 1038 2858 viguisset.
1056 2779 1224 2856 Quumque
1235 2775 1312 2836 nihil

164 2893 256 2961 esset,
284 2893 319 2948 ut
334 2888 482 2950 omnibus
498 2888 575 2950 loeis
597 2907 614 2948 a
628 2891 759 2949 Platone
775 2887 939 2948 disseritur
954 2884 1044 2965 (nihil
1060 2885 1146 2946 enim
1159 2884 1213 2944 ille
1227 2887 1313 2962 putat

162 3010 242 3068 osse,
259 2997 342 3072 quod
367 2996 485 3057 oriatur
505 3002 536 3057 et
559 2997 703 3071 intereat,
730 2995 826 3074 idque
848 2995 950 3055 solum
973 3011 1051 3069 esse,
1075 2992 1163 3071 quod
1189 3007 1312 3068 semper

163 3099 223 3161 tale
236 3101 286 3176 sit,
301 3104 426 3180 qualem
440 3102 522 3162 Ἰδέαν
537 3105 672 3181 appellat
686 3103 749 3178 ille,
767 3121 824 3164 nos
838 3098 986 3181 speciem),
1000 3118 1064 3161 non
1074 3099 1181 3178 potuit
1191 3098 1312 3159 animus

163 3205 230 3267 baeo
246 3207 278 3266 in
295 3225 429 3288 corporo
445 3207 583 3269 inclusus
598 3227 767 3288 agnoscere
787 3227 794 3269 :
814 3208 941 3287 cognita
955 3207 1061 3269 attulit
1077 3205 1131 3286 (ἓ).

202 3316 273 3395 Cap.
293 3319 331 3377 28
346 3335 352 3375 :
370 3351 407 3360 —
478 3319 559 3376 Tum
568 3318 698 3396 globum
714 3324 809 3379 terrae
821 3316 1014 3377 eminentem
1030 3332 1047 3377 e
1062 3311 1153 3389 mari,
1171 3314 1269 3374 fixum
1281 3309 1312 3369 in

165 3421 271 3483 medio
298 3423 408 3482 mundi
433 3423 566 3483 universi
583 3424 666 3497 loeo,
690 3424 809 3485 duabus
824 3424 886 3483 oris
904 3420 1093 3483 distantibus
1107 3419 1310 3481 habitabilem

166 3534 196 3588 ot
212 3530 348 3604 eultum;
366 3548 501 3609 quarum
520 3532 627 3606 altera,
648 3548 743 3609 quam
765 3549 821 3591 nos
838 3529 1017 3602 incolimus,

288 3679 344 3735 Sub
359 3680 510 3751 axe'posita
523 3679 558 3736 ad
573 3681 666 3736 stellas
679 3689 794 3751 septem,
807 3678 880 3738 unde
892 3677 1012 3736 horriler

288 3767 428 3839 Aquiloni'
445 3769 548 3825 stridor
559 3768 663 3842 gelidas
674 3769 788 3824 molitur
801 3767 890 3837 nives3

168 3925 266 3985 altera
282 3922 444 4000 Australis,
465 3923 572 4002 ignota
585 3921 688 3997 nobis,
706 3938 801 4001 quam
815 3925 928 3982 vocant
942 3921 1041 3981 Graeci
1056 3917 1275 3998 Ἀντίχθονα.....

924 4069 1307 4087 ..ιι--ι-ι-ιῌ

213 4172 220 4216 l
252 4165 399 4216 Aristoteles.

198 4166 237 4316 ((‘t))
255 4250 325 4299 Hunc
337 4250 425 4309 locum,
439 4248 526 4305 fateor,
536 4257 607 4297 antea
621 4245 747 4313 proposui,
759 4245 800 4295 sed
811 4262 839 4295 ea
851 4254 945 4296 tantum
957 4253 1038 4294 mente
1053 4252 1080 4293 ut
1094 4242 1220 4293 Platonica
1229 4239 1314 4292 intelli·

167 4344 261 4400 geretur
275 4334 387 4385 imitatio.
