2790 4770
631 289 872 373 4114-

192 450 288 522 verba
301 451 492 530 quibusdam
506 450 633 512 indiciis
662 450 933 529 discernerentur3
960 453 1067 536 itaque
1092 456 1274 534 scriptores,
1294 472 1352 516 na-

193 565 263 620 tura
278 560 481 635 admonente,
497 558 606 621 breves
626 576 663 621 ao
685 561 795 640 longas
810 561 904 622 simul
923 565 955 623 et
969 567 1139 626 accentum
1153 562 1353 649 animadver-

192 669 314 741 terunt3
351 671 456 746 atque,
491 666 589 726 mulla
615 667 780 743 tentand0,
809 666 967 730 incertum
1001 688 1039 755 ao
1073 671 1156 732 male
1189 668 1352 748 composi-

192 780 260 836 tum
279 773 320 854 (l)
347 790 513 852 suscepere
538 792 628 853 opus,
656 775 741 853 quod
769 779 901 854 nepotes
913 775 1019 838 edocti
1039 777 1190 840 societate
1206 777 1352 858 pluribus

191 880 306 942 abhinc
321 881 446 944 saeculis
471 882 629 961 perpolita
644 880 775 943 tandem
799 881 924 962 exigere
941 886 1125 961 potuerunt.
1145 886 1200 947 llst
1213 885 1300 947 enim
1316 890 1352 947 ut

181 989 224 1073 'in
242 990 385 1052 moribus
411 989 552 1052 colendis
577 990 859 1071 emendandisque,
883 990 980 1052 sicin
1001 989 1203 1070 perficiendis
1229 1008 1352 1054 sermo·

128 1071 136 1085 ⁴
191 1093 284 1158 nibus
299 1098 393 1176 longa
406 1100 439 1158 at
455 1096 606 1158 continua
624 1093 815 1176 progressio.

217 1205 336 1278 *Quum
360 1221 435 1267 vero
462 1202 676 1282 antiquissimi
694 1201 777 1265 inter
789 1205 1026 1284 grammaticos,
1042 1205 1075 1267 in
1091 1223 1124 1268 re
1137 1203 1270 1269 metrica
1285 1224 1352 1268 non

191 1309 297 1389 periti,
325 1309 364 1371 de
392 1308 541 1388 prosodia
568 1314 600 1371 et
614 1315 748 1372 accentu
763 1309 843 1373 nihil
872 1319 1007 1390 certum,
1024 1296 1105 1375 nihil
1120 1314 1289 1377 definitum
1305 1314 1353 1376 vi-

189 1418 301 1481 derent
313 1417 417 1499 (variae
431 1417 517 1480 enim
530 1415 655 1479 dialecti
674 1417 727 1498 (2),
743 1418 827 1480 varia
841 1420 1012 1482 verborum
1030 1422 1187 1502 prolatio,
1209 1421 1349 1501 ideoque

188 1527 274 1590 varia
288 1532 355 1589 erat
374 1524 534 1589 distinctio
549 1524 693 1589 brevium
713 1544 750 1588 ac
770 1528 962 1610 longarum),
979 1527 1051 1608 quis
1068 1528 1244 1592 admiretur
1260 1530 1348 1609 quod

97 1683 99 1688 2
188 1635 298 1712 iidem,
311 1634 458 1716 inprimis
472 1636 513 1697 de
527 1641 671 1713 accentu,
689 1635 722 1697 in
737 1654 843 1700 errore
858 1656 940 1718 saepe
956 1639 1068 1702 versati
1083 1639 1225 1701 luerint?
1237 1640 1352 1701 Postea

188 1744 286 1808 valuit
308 1762 397 1807 error
420 1745 499 1824 (istis
520 1746 606 1807 enim
629 1747 839 1825 prudentibus
854 1748 929 1810 viris
944 1767 1016 1811 raro
1036 1767 1126 1812 mens
1141 1756 1230 1818 recta
1247 1749 1345 1830 fuit):

187 1856 273 1918 unde
290 1858 410 1917 lactum
435 1856 532 1915 estut
554 1853 704 1932 prosodia
719 1858 752 1916 et
775 1861 926 1917 accentus
943 1855 1027 1918 inter
1040 1874 1073 1918 se
1092 1858 1349 1936 repugnaverint,

137 2025 139 2028 Α
186 1964 263 2028 licet
278 1966 489 2042 congruenter
502 1968 625 2024 natura
645 1962 677 2022 in
692 1981 792 2024 unum
814 1963 994 2027 consentire
1008 1965 1202 2028 debuissent.

196 2123 198 2126 ,
226 2074 271 2134 Ne
285 2070 397 2145 multa,
414 2066 494 2129 mihi
510 2085 559 2129 res
574 2067 666 2130 altius
693 2069 850 2147 repetenti
869 2071 956 2132 nulla
982 2071 1068 2133 bunc
1083 2076 1115 2133 et
1131 2069 1220 2133 illam
1234 2073 1349 2136 dividit

187 2178 357 2242 discordia.
376 2176 435 2238 Ars
450 2176 515 2237 duo
532 2175 654 2238 diversa
669 2179 940 2262 contranaturam
962 2177 1077 2240 creavit
1094 2180 1252 2260 elementa
1269 2199 1276 2242 :
1298 2199 1347 2242 ars

187 2291 294 2357 effecit
319 2295 365 2368 ut,
395 2290 479 2352 inter
503 2290 616 2351 eadem
638 2294 747 2351 exorto
774 2269 959 2367 certamine,
986 2307 1043 2369 per
1058 2289 1211 2369 plurimas
1223 2294 1343 2364 aetates,

187 2420 250 2482 quo
267 2403 372 2462 staret·
389 2394 530 2473 victoria,
553 2393 649 2458 fuerit
663 2396 861 2477 ambiguum,
888 2397 1002 2474 donec,
1025 2397 1259 2460 recentioribus
1284 2396 1345 2458 lin-

186 2509 255 2592 guis
267 2509 336 2589 jam
362 2505 395 2569 in
409 2508 514 2569 lucem
540 2506 644 2584 editis,
661 2507 844 2586 prosodiam
860 2512 1009 2570 accentus
1027 2525 1044 2570 e
1058 2525 1156 2588 regno
1175 2505 1224 2589 (ut
1237 2506 1285 2570 sic
1299 2507 1348 2570 di-

187 2621 270 2698 cam)
287 2616 426 2698 ejecerit.
814 2633 816 2636 ’

224 2732 266 2791 At
280 2743 365 2801 vero,
383 2741 483 2804 quum
498 2724 632 2803 populus
656 2739 712 2784 rex
727 2722 832 2784 adhuc
846 2721 906 2785 toti
917 2729 1075 2786 terrarum
1095 2725 1165 2786 orbi
1189 2726 1275 2805 leges
1290 2723 1351 2788 lin-

187 2854 344 2921 guamque
364 2850 455 2896 suam
487 2831 680 2912 imponeret,
714 2831 866 2909 prosodia
892 2850 957 2893 non
977 2833 1029 2912 jus
1059 2852 1154 2896 omne
1182 2834 1348 2898 amiserat.

187 2948 269 3023 Quin
294 2943 401 3017 etiam,
428 2939 570 3021 quamvis
584 2939 618 2999 in
645 2957 793 3018 magnam
821 2938 1048 3000 dominationis
1071 2945 1201 3018 partem⁴
1210 2939 1351 3002 venisset

188 3059 348 3127 accentus,
378 3050 529 3112 aemulum
557 3047 662 3127 coegit
691 3044 745 3108 illa
771 3047 955 3109 meminisse
979 3064 1073 3109 unam
1100 3046 1256 3109 ambobus
1279 3066 1352 3112 esse

188 3163 344 3243 originem
350 3181 358 3236 ;
389 3156 432 3218 ita
453 3161 489 3218 ut
503 3154 621 3236 syllaba
643 3151 788 3234 proxima
805 3151 950 3233 superior
971 3154 1010 3214 ad
1026 3171 1059 3215 se
1077 3152 1217 3215 traheret
1231 3170 1358 3227 accen<

189 3280 269 3336 tum.
293 3265 455 3345 t-Viguit
479 3262 565 3326 enim
578 3262 662 3341 apud
683 3267 804 3324 veteres
820 3264 978 3322 Romanos
997 3259 1163 3339 prosodia:
1188 3259 1256 3322 imo
1280 3257 1349 3338 illa,

189 3388 224 3446 ut
238 3382 386 3444 accentus
403 3375 456 3456 (3),
483 3373 567 3434 haud
583 3369 671 3452 parvi
689 3367 749 3432 luit
760 3371 800 3431 ad
820 3365 1054 3449 pronuntianda
1068 3366 1163 3429 verba
1176 3366 1351 3429 momenti.

192 3543 1355 3579 ...-.--·---—--—--—-----·-·

217 3684 258 3750 ·(l)
275 3677 372 3730 Etenim
384 3688 460 3742 quum
471 3671 522 3738 jam
529 3685 580 3719 non
592 3666 730 3735 primigenii
744 3682 864 3717 sermones
873 3675 959 3728 esseut,
975 3665 1099 3717 vocabulis
1109 3663 1200 3716 mirum
1210 3663 1239 3714 in
1249 3666 1358 3717 modum

189 3766 312 3840 productis
326 3760 478 3830 speciemque
486 3757 556 3822 longe
568 3754 687 3805 diversam
699 3752 870 3820 praebentibus,
880 3752 959 3820 prima
971 3767 1056 3803 eorum
1065 3752 1183 3803 elementa
1191 3751 1359 3818 quotusquis-

190 3873 238 3925 que
250 3854 389 3905 discernere
401 3848 519 3913 poterat?

223 3944 258 4009 (2)
276 3937 366 3987 «Plura
380 3931 428 3981 illis
441 3927 550 3994 (Graecis)
560 3925 675 3993 loquendi
689 3941 785 3992 geneva,
801 3939 855 3990 qua
866 3926 1026 3982 «διαλέκτους
1034 3948 1046 3967 n
1054 3932 1156 3986 vocabu
1172 3930 1198 3973 et
1208 3923 1278 3990 quod
1291 3923 1358 3975 aliu

187 4027 309 4086 vitiosum,
323 4015 422 4070 interim
436 4014 494 4064 alias
505 4022 600 4063 rectum
613 4021 676 4062 est.»
689 4009 783 4078 (Quint.
796 4014 855 4059 lust.
872 4013 941 4061 Orat.
958 4010 977 4072 l,
993 4011 1030 4075 5.)

223 4113 258 4177 (3)
276 4102 399 4158 Assentior
413 4097 518 4149 ilenrico
533 4097 598 4147 Weil
611 4096 755 4147 bluellerum
768 4095 935 4162 vituperanti,
952 4096 1019 4162 quod
1032 4095 1096 4146 nihil
1110 4095 1141 4144 de
1156 4094 1201 4145 tali
1214 4094 1358 4160 questione

189 4199 310 4251 affirmare
321 4189 424 4246 audeat3
439 4184 482 4235 bic
495 4183 561 4233 enim
570 4201 592 4232 ια
600 4182 664 4244 Quid
673 4182 739 4248 quod
748 4198 780 4231 ne
790 4181 819 4231 de
831 4181 878 4232 boc
888 4180 987 4247 quidem
994 4180 1188 4247 anquisiveruut,
1198 4195 1275 4246 quam
1284 4189 1358 4231 vecte

189 4305 201 4328 «
220 4275 344 4332 Bentleius
356 4267 502 4322 existimavit
513 4266 634 4316 Romanos
647 4265 777 4315 recitandis
790 4264 901 4315 versibus
917 4265 1103 4332 grammaticum
1116 4263 1190 4315 etiam
1203 4263 1359 4331 expressisse

188 4391 200 4414 «
220 4371 379 4418 accentum...
395 4372 449 4424 quae
461 4353 545 4421 opinio
559 4361 655 4404 tantum
663 4351 731 4403 abest
742 4360 770 4402 ut
781 4352 813 4403 sit
822 4361 898 4414 certa,
911 4361 939 4403 ut
953 4352 1035 4420 potius
1047 4350 1188 4404 confutetur
1197 4351 1359 4420 apertisime
