2790 4770
585 189 783 255 -t5t-

104 324 192 384 bilem
211 335 240 384 et
257 334 388 386 stantem.
412 333 451 387 Ex
469 344 523 402 quo
544 344 645 404 genere
668 344 701 385 ca
722 335 788 384 sunt
807 324 913 390 sidera,
930 337 992 397 queo
1011 320 1094 377 infixa
1114 317 1186 376 coelo
1205 330 1263 372 non

104 449 255 499 moventur
265 442 336 511 ioco,
353 461 414 517 quae
425 453 489 503 sunt
503 444 666 517 animantia,
681 459 768 518 eaque
779 441 889 511 divina;
903 438 938 495 ob
953 452 1068 509 eamque
1080 450 1194 492 causam
1206 431 1262 488 suis

105 554 218 613 sedibus
230 556 380 626 inbaerent,
394 568 422 616 et
441 568 574 634 perpetuo
595 567 718 616 ruaneut.
737 560 805 630 Qum
825 566 918 614 autem
937 571 1004 628 vaga
1024 561 1052 610 et
1072 550 1198 608 mutabili
1219 564 1263 605 ra·

104 671 183 728 tione
199 671 234 746 (t)
249 672 396 741 labuntur,
416 674 454 732 ita
471 683 685 748 generatnsunt,
698 683 825 747 utsupra
837 673 966 731 diximus.
978 673 1118 727 Jamvero
1130 669 1263 733 Terram,

104 788 230 846 altricem
244 798 383 861 nostram,
401 807 463 865 quae
480 792 597 867 trajecto
615 808 665 850 axe
680 792 842 858 sustinetur,
861 790 913 847 diei
932 788 1077 862 noctisque
1096 784 1266 843 ellectricem

104 904 289 978 eamdemque
298 906 457 975 custodem,
469 907 691 980 antiquissimam
704 910 829 964 Deorum
841 906 928 964 voluit
939 921 1000 963 esse
1013 920 1121 974 eorum,
1135 902 1181 975 qui
1193 900 1266 957 intra

107 1022 211 1079 ooelum
223 1021 414 1095 gignerentur.
429 1022 573 1081 Flexiones
584 1028 680 1081 autem
693 1028 828 1094 Deorum,
840 1031 868 1080 et
882 1024 955 1080 inter
969 1022 1043 1094 ipsos
1058 1023 1132 1076 Deos
1146 1032 1266 1074 concur·

105 1136 211 1208 siones,
223 1153 340 1212 quaeque
354 1139 384 1196 in
395 1140 508 1197 orbibus
517 1156 614 1198 eorum
629 1142 841 1215 conversiones,
854 1139 1115 1212 antecessionesque
1128 1136 1265 1200 eveniant,

106 1266 253 1326 quumque
272 1256 346 1313 inter
365 1271 395 1314 se
412 1273 489 1329 paene
505 1259 677 1332 contingant,
699 1274 761 1325 eos,
777 1257 824 1333 qui
845 1273 930 1331 propo
945 1256 1111 1330 copulentur
1128 1254 1267 1311 contraria

107 1367 237 1441 regione,
254 1379 282 1428 et
298 1389 371 1447 pone
384 1391 453 1449 quos
467 1384 516 1433 aut
536 1384 601 1433 anto
615 1375 756 1444 labantur,
772 1374 928 1448 quibusque
950 1371 1123 1446 temporibus
1142 1378 1268 1428 anostro

105 1485 240 1560 adspectu
255 1490 433 1559 oblitescant,
445 1508 596 1566 rursusque
608 1492 708 1549 emersi
725 1500 862 1549 terrorem
880 1490 1018 1547 incutiant
1035 1489 1152 1545 rationis
1170 1503 1267 1561 exper·

106 1602 195 1674 tibus,
207 1605 231 1661 si
242 1607 332 1665 verbis
343 1609 479 1682 explicare
490 1625 634 1676 conemur,
647 1610 725 1667 nulio
736 1609 827 1684 posito
839 1608 890 1666 sub
903 1607 991 1666 oculis
1002 1608 1161 1676 simulacro,
1172 1620 1268 1662 earum

108 1742 206 1785 rerum
218 1727 323 1785 frustra
337 1731 504 1805 suscipiatur
518 1731 606 1789 labor.

148 1842 203 1899 Xl.
223 1841 278 1899 Sed
296 1842 356 1901 baec
372 1844 440 1901 satis
461 1844 517 1901 sint
535 1843 607 1900 dicta
626 1842 723 1912 nobis3
747 1858 809 1915 quae
827 1840 861 1898 de
886 1843 1025 1905 Deorum,
1046 1837 1094 1911 qui
1107 1846 1270 1904 cernuntur,

110 1956 215 2031 quique
230 1958 284 2015 orti
296 1968 371 2033 sunt,
385 1969 484 2018 natura
499 1958 606 2034 praelati
619 1974 726 2029 sumus,
737 1959 860 2017 babeant
873 1958 947 2016 hunc
965 1956 1129 2014 terminum.
1138 1956 1272 2029 Reliquo-

111 2092 176 2133 rum
192 2086 297 2147 autem‚
308 2094 379 2152 qnos
390 2079 481 2137 Graeci
496 2081 615 2145 δαίμονας
627 2078 778 2152 appellant,
792 2079 879 2136 nostri
900 2077 1017 2153 (opinor)
1035 2080 1137 2146 Lares,
1152 2075 1271 2133 simodo

111 2192 166 2250 hoc
176 2203 252 2252 recte
263 2210 428 2254 conversum
438 2197 527 2255 videri
541 2201 644 2271 potest,
658 2206 686 2254 et
697 2213 779 2254 nosse
790 2205 819 2254 et
829 2198 975 2254 enuntiare
989 2204 1083 2252 ortum
1094 2211 1202 2266 eorum,
1212 2210 1272 2252 ma-

107 2313 155 2387 jus
170 2320 213 2369 est
225 2328 310 2386 quam
322 2322 353 2372 ut
366 2314 488 2387 profiteri
503 2314 623 2371 scribere
639 2330 691 2370 nos
706 2313 868 2371 audeamus.
887 2311 1063 2370 Credendum
1074 2312 1211 2369 nimirum
1230 2320 1272 2369 est

111 2431 255 2488 veteribus
269 2439 298 2489 et
315 2432 428 2504 priscis,
442 2439 474 2489 ut
486 2432 575 2503 aiunt,
591 2431 673 2497 viris,
690 2432 736 2503 qui
753 2446 782 2488 se
800 2430 961 2504 progeniem
979 2431 1103 2487 Deorum
1122 2445 1183 2485 esse
1196 2428 1270 2485 dice·

112 2543 192 2601 bant.
204 2546 301 2618 Itaque
312 2560 408 2602 eorum
427 2547 561 2603 vocabula
574 2546 656 2603 nobis
671 2543 865 2620 prodiderunt.
880 2545 970 2600 Nosse
982 2551 1076 2599 autem
1093 2549 1272 2616 generatores

112 2674 180 2716 suos
191 2659 295 2732 optime
307 2668 451 2734 poterant3
463 2677 495 2718 ac
506 2660 618 2720 difficile
630 2669 699 2719 esta
718 2661 780 2718 Diis
797 2661 866 2718 ortis
880 2660 965 2717 tidem
978 2676 1035 2716 non
1049 2658 1154 2715 babere
1168 2678 1175 2714 ι
1188 2674 1274 2731 quan-

113 2791 199 2848 quam
211 2791 263 2833 nec
277 2778 450 2851 argumentis
463 2794 516 2836 nec
525 2779 679 2836 rationibus
692 2779 775 2835 certis
790 2794 887 2834 eorum
906 2777 996 2835 oratio
1012 2776 1207 2845 conlirmatur3
1223 2774 1272 2832 sed

114 2892 227 2967 quiade
240 2893 297 2950 suis
307 2894 390 2951 rebus
402 2894 477 2951 notis
490 2894 618 2952 videntur
630 2895 722 2968 loqui,
734 2894 820 2951 veteri
836 2893 888 2967 legi
906 2895 1033 2967 morique
1052 2891 1204 2965 parendum
1219 2895 1271 2947 est.

114 3010 160 3066 Sic
174 3009 267 3083 igitur,
281 3018 312 3066 ut
323 3010 358 3066 ab
371 3009 412 3067 bis
424 3019 465 3068 est
478 3010 626 3078 traditum,
641 3012 741 3067 borum
753 3014 877 3067 Deorum
890 3017 969 3066 ortus
986 3008 1124 3065 habeatur
1136 3014 1220 3079 atque
1231 3005 1274 3063 di·

114 3133 207 3195 catur,
230 3133 260 3181 ut
273 3127 417 3183 Oceanum
428 3126 620 3200 Salaciamque
637 3127 699 3183 coeli
713 3134 791 3194 satu,
807 3129 954 3199 Terraeque
975 3131 1111 3194 conceptu
1128 3130 1274 3197 generatos

115 3240 262 3314 editosque
271 3257 477 3311 niemoremus3
488 3258 519 3299 er
530 3242 573 3299 bis
584 3243 722 3316 Phorcyn,
733 3245 881 3300 Saturnum
893 3250 919 3299 et
928 3243 1015 3314 Opem
1024 3261 1031 3308 ς
1041 3238 1273 3314 deinceszovem

116 3368 202 3433 atque
213 3362 364 3432 lunonem,
378 3361 510 3434 reliquos,
527 3377 596 3434 quos
607 3359 708 3418 fratres
721 3362 793 3417 inter
812 3377 842 3417 se
858 3368 1030 3434 agnatosque
1041 3374 1175 3432 usurpare
1193 3367 1276 3432 atquc

116 3474 256 3550 appellare
270 3475 409 3546 videmus,
420 3484 449 3534 ot
463 3493 572 3545 eornm,
584 3485 617 3533 ut
628 3485 741 3532 utamur
755 3476 841 3533 veteri
856 3475 958 3542 verbo,
976 3475 1142 3547 prosapiam.
1159 3474 1276 3544 Quando

116 3592 201 3663 igitur
212 3607 319 3660 omnes,
332 3593 416 3665 etqui
427 3602 576 3649 moventur
590 3594 738 3666 palamque
753 3595 948 3661 ostenduntur,
962 3593 1047 3666 etqui
1058 3609 1090 3649 ea
1103 3600 1185 3648 tenus
1195 3590 1276 3647 nobis

116 3706 305 3774 declarantur,
317 3723 371 3781 qua
383 3708 434 3782 ipsi
449 3708 556 3777 volunt,
571 3711 657 3767 creati
670 3718 753 3779 sunt,
766 3718 827 3766 tum
840 3708 876 3766 ad
891 3712 967 3765 Deos
983 3708 1007 3763 is
1018 3710 1104 3773 Deus,
1118 3707 1165 3779 qui
1181 3706 1275 3763 omnia

117 3821 226 3894 genuit,
237 3819 330 3877 latur:
346 3825 438 3881 «Haec
453 3840 519 3892 vos,
532 3825 579 3899 qui
596 3828 721 3882 Deorum
734 3834 797 3881 satu
817 3823 871 3880 orti
884 3824 961 3895 estis,
984 3822 1129 3879 attendite.
1151 3824 1276 3894 Quorum

117 3953 237 4010 operum
249 3953 300 4011 ego
312 3954 412 4012 parens
427 3940 755 4015 ellectorquestinr·[q11ae
767 3956 817 4014 per
830 3955 873 3996 me
886 3940 968 4008 lacta]
983 3954 1040 3995 non
1055 3945 1119 3995 sunt
1132 3937 1276 4007 dissoluta,

153 4133 190 4197 (l)
208 4133 336 4186 Erratione
350 4136 454 4204 (Orelli),
476 4154 525 4188 non
541 4139 610 4205 jnre3
630 4155 686 4189 nam
700 4162 711 4181 α
725 4147 845 4206 sagunen
860 4135 1000 4188 «mobilis»
1031 4150 1120 4184 nomen
1132 4156 1143 4178 e
1156 4134 1246 4194 πλάνην
1266 4156 1277 4180 ιι

119 4229 270 4285 expmmunt.
