<?xml version="1.0" encoding="UTF-8"?>
<!DOCTYPE html PUBLIC "-//W3C//DTD XHTML 1.0 Transitional//EN"
    "http://www.w3.org/TR/xhtml1/DTD/xhtml1-transitional.dtd">
<html xmlns="http://www.w3.org/1999/xhtml" xml:lang="en" lang="en">
 <head>
  <title>
</title>
<meta http-equiv="Content-Type" content="text/html;charset=utf-8" />
  <meta name='ocr-system' content='tesseract 3.04.00' />
  <meta name='ocr-capabilities' content='ocr_page ocr_carea ocr_par ocr_line ocrx_word'/>
</head>
<body>
  <div class='ocr_page' id='page_1' title='image "./demtciceronegrc00clavgoog_0173.png"; bbox 0 0 2790 4770; ppageno 0'>
   <div class='ocr_carea' id='block_1_1' title="bbox 592 369 833 432">
    <p class='ocr_par' dir='ltr' id='par_1_1' title="bbox 592 369 833 432">
     <span class='ocr_line' id='line_1_1' title="bbox 592 369 833 432; baseline -0.008 0"><span class='ocrx_word' id='word_1_1' title='bbox 592 369 833 432; x_wconf 75' lang='lat'>.-142-</span> 
     </span>
    </p>
   </div>
   <div class='ocr_carea' id='block_1_2' title="bbox 66 506 1360 2877">
    <p class='ocr_par' dir='ltr' id='par_1_2' title="bbox 66 506 1360 2877">
     <span class='ocr_line' id='line_1_2' title="bbox 212 506 1314 618; baseline 0.007 -34"><span class='ocrx_word' id='word_1_2' title='bbox 212 509 298 584; x_wconf 85' lang='lat' dir='ltr'>VH.</span> <span class='ocrx_word' id='word_1_3' title='bbox 327 506 355 587; x_wconf 79' lang='lat' dir='ltr'>O</span> <span class='ocrx_word' id='word_1_4' title='bbox 383 511 418 586; x_wconf 85' lang='grc' dir='ltr'>δὲ</span> <span class='ocrx_word' id='word_1_5' title='bbox 439 518 491 586; x_wconf 87' lang='grc' dir='ltr'>καὶ</span> <span class='ocrx_word' id='word_1_6' title='bbox 509 520 622 613; x_wconf 78' lang='grc' dir='ltr'>γενέσει</span> <span class='ocrx_word' id='word_1_7' title='bbox 645 519 698 587; x_wconf 84' lang='grc' dir='ltr'>καὶ</span> <span class='ocrx_word' id='word_1_8' title='bbox 726 521 820 616; x_wconf 68' lang='grc' dir='ltr'>ἀρετῇ</span> <span class='ocrx_word' id='word_1_9' title='bbox 851 523 1001 614; x_wconf 78' lang='grc' dir='ltr'>προτέραν</span> <span class='ocrx_word' id='word_1_10' title='bbox 1028 525 1081 588; x_wconf 91' lang='grc' dir='ltr'>καὶ</span> <span class='ocrx_word' id='word_1_11' title='bbox 1104 519 1314 618; x_wconf 75' lang='grc' dir='ltr'>πρεσύυτέραν</span> 
     </span>
     <span class='ocr_line' id='line_1_3' title="bbox 157 633 1315 741; baseline 0.006 -29"><span class='ocrx_word' id='word_1_12' title='bbox 157 643 257 739; x_wconf 77' lang='grc' dir='ltr'>ψυχὴν</span> <span class='ocrx_word' id='word_1_13' title='bbox 282 646 427 736; x_wconf 91' lang='grc' dir='ltr'>σώματος</span> <span class='ocrx_word' id='word_1_14' title='bbox 451 649 490 722; x_wconf 88' lang='grc' dir='ltr'>ὡς</span> <span class='ocrx_word' id='word_1_15' title='bbox 508 633 656 712; x_wconf 75' lang='grc' dir='ltr'>δεσπότιν</span> <span class='ocrx_word' id='word_1_16' title='bbox 678 645 731 712; x_wconf 88' lang='grc' dir='ltr'>καὶ</span> <span class='ocrx_word' id='word_1_17' title='bbox 747 638 898 738; x_wconf 74' lang='grc' dir='ltr'>ἄρξουσαν</span> <span class='ocrx_word' id='word_1_18' title='bbox 921 640 1087 741; x_wconf 77' lang='grc' dir='ltr'>ἀρξομένου</span> <span class='ocrx_word' id='word_1_19' title='bbox 1108 641 1315 726; x_wconf 78' lang='grc' dir='ltr'>Ευνεστήσατο</span> 
     </span>
     <span class='ocr_line' id='line_1_4' title="bbox 66 760 1317 865; baseline 0.003 -26"><span class='ocrx_word' id='word_1_20' title='bbox 66 791 68 795; x_wconf 80' lang='grc'>’</span> <span class='ocrx_word' id='word_1_21' title='bbox 89 858 91 862; x_wconf 85' lang='lat'>.</span> <span class='ocrx_word' id='word_1_22' title='bbox 155 775 190 839; x_wconf 85' lang='grc' dir='ltr'>ἐκ</span> <span class='ocrx_word' id='word_1_23' title='bbox 205 762 306 838; x_wconf 86' lang='grc' dir='ltr'>τῶνδέ</span> <span class='ocrx_word' id='word_1_24' title='bbox 322 795 357 837; x_wconf 89' lang='grc' dir='ltr'>τε</span> <span class='ocrx_word' id='word_1_25' title='bbox 372 769 424 837; x_wconf 90' lang='grc' dir='ltr'>καὶ</span> <span class='ocrx_word' id='word_1_26' title='bbox 440 760 551 859; x_wconf 79' lang='grc' dir='ltr'>τοιῷδε</span> <span class='ocrx_word' id='word_1_27' title='bbox 576 771 694 864; x_wconf 85' lang='grc' dir='ltr'>τρόπῳ.</span> <span class='ocrx_word' id='word_1_28' title='bbox 713 777 777 850; x_wconf 84' lang='grc' dir='ltr'>Τῆς</span> <span class='ocrx_word' id='word_1_29' title='bbox 797 770 964 865; x_wconf 75' lang='grc' dir='ltr'>ἀμερίστου</span> <span class='ocrx_word' id='word_1_30' title='bbox 981 770 1035 841; x_wconf 87' lang='grc' dir='ltr'>καὶ</span> <span class='ocrx_word' id='word_1_31' title='bbox 1050 773 1095 840; x_wconf 89' lang='grc' dir='ltr'>ἀεὶ</span> <span class='ocrx_word' id='word_1_32' title='bbox 1111 771 1193 842; x_wconf 82' lang='grc' dir='ltr'>κατὰ</span> <span class='ocrx_word' id='word_1_33' title='bbox 1212 774 1317 844; x_wconf 79' lang='grc' dir='ltr'>ταύτὰ</span> 
     </span>
     <span class='ocr_line' id='line_1_5' title="bbox 155 890 1316 995; baseline 0.006 -32"><span class='ocrx_word' id='word_1_34' title='bbox 155 897 284 990; x_wconf 80' lang='grc' dir='ltr'>ἐχούσης</span> <span class='ocrx_word' id='word_1_35' title='bbox 312 894 415 975; x_wconf 81' lang='grc' dir='ltr'>οὐσίας</span> <span class='ocrx_word' id='word_1_36' title='bbox 434 892 559 973; x_wconf 78' lang='grc' dir='ltr'>καὶτῆς</span> <span class='ocrx_word' id='word_1_37' title='bbox 586 890 623 962; x_wconf 88' lang='grc' dir='ltr'>αὐ</span> <span class='ocrx_word' id='word_1_38' title='bbox 653 894 721 990; x_wconf 89' lang='grc' dir='ltr'>περὶ</span> <span class='ocrx_word' id='word_1_39' title='bbox 741 892 782 964; x_wconf 80' lang='grc' dir='ltr'>τὰ</span> <span class='ocrx_word' id='word_1_40' title='bbox 802 899 936 991; x_wconf 89' lang='grc' dir='ltr'>σώματα</span> <span class='ocrx_word' id='word_1_41' title='bbox 962 899 1141 993; x_wconf 79' lang='grc' dir='ltr'>γιγνομένης</span> <span class='ocrx_word' id='word_1_42' title='bbox 1169 912 1316 995; x_wconf 80' lang='grc' dir='ltr'>μεριστῆς</span> 
     </span>
     <span class='ocr_line' id='line_1_6' title="bbox 154 1013 1317 1116; baseline 0.005 -26"><span class='ocrx_word' id='word_1_43' title='bbox 154 1021 264 1115; x_wconf 78' lang='grc' dir='ltr'>τρίτον</span> <span class='ocrx_word' id='word_1_44' title='bbox 281 1015 313 1101; x_wconf 73' lang='grc' dir='ltr'>ἐξ</span> <span class='ocrx_word' id='word_1_45' title='bbox 331 1023 443 1116; x_wconf 86' lang='grc' dir='ltr'>ἀμροῖν</span> <span class='ocrx_word' id='word_1_46' title='bbox 458 1024 488 1088; x_wconf 87' lang='grc' dir='ltr'>ἐν</span> <span class='ocrx_word' id='word_1_47' title='bbox 504 1023 588 1114; x_wconf 90' lang='grc' dir='ltr'>μέσῳ</span> <span class='ocrx_word' id='word_1_48' title='bbox 603 1014 823 1116; x_wconf 76' lang='grc' dir='ltr'>Ευνεκεράσατο</span> <span class='ocrx_word' id='word_1_49' title='bbox 843 1021 946 1104; x_wconf 83' lang='grc' dir='ltr'>οὐσίας</span> <span class='ocrx_word' id='word_1_50' title='bbox 961 1013 1055 1114; x_wconf 80' lang='grc' dir='ltr'>εἶδος,</span> <span class='ocrx_word' id='word_1_51' title='bbox 1074 1034 1130 1104; x_wconf 70' lang='grc' dir='ltr'>τῆς</span> <span class='ocrx_word' id='word_1_52' title='bbox 1145 1050 1180 1094; x_wconf 84' lang='grc' dir='ltr'>τι</span> <span class='ocrx_word' id='word_1_53' title='bbox 1198 1029 1317 1096; x_wconf 87' lang='grc' dir='ltr'>ταύτοῦ</span> 
     </span>
     <span class='ocr_line' id='line_1_7' title="bbox 153 1141 1315 1241; baseline 0.006 -28"><span class='ocrx_word' id='word_1_54' title='bbox 153 1148 269 1240; x_wconf 88' lang='grc' dir='ltr'>ρύσεως</span> <span class='ocrx_word' id='word_1_55' title='bbox 288 1143 326 1214; x_wconf 86' lang='grc' dir='ltr'>αὐ</span> <span class='ocrx_word' id='word_1_56' title='bbox 341 1148 411 1239; x_wconf 90' lang='grc' dir='ltr'>πέρι</span> <span class='ocrx_word' id='word_1_57' title='bbox 429 1145 481 1213; x_wconf 89' lang='grc' dir='ltr'>καὶ</span> <span class='ocrx_word' id='word_1_58' title='bbox 499 1157 555 1225; x_wconf 80' lang='grc' dir='ltr'>τῆς</span> <span class='ocrx_word' id='word_1_59' title='bbox 576 1155 633 1214; x_wconf 86' lang='grc' dir='ltr'>τοῦ</span> <span class='ocrx_word' id='word_1_60' title='bbox 649 1149 767 1241; x_wconf 78' lang='grc' dir='ltr'>ἐτέρου,</span> <span class='ocrx_word' id='word_1_61' title='bbox 788 1147 840 1215; x_wconf 89' lang='grc' dir='ltr'>καὶ</span> <span class='ocrx_word' id='word_1_62' title='bbox 859 1145 944 1216; x_wconf 84' lang='grc' dir='ltr'>κατὰ</span> <span class='ocrx_word' id='word_1_63' title='bbox 963 1159 1066 1217; x_wconf 89' lang='grc' dir='ltr'>ταῦτα</span> <span class='ocrx_word' id='word_1_64' title='bbox 1082 1141 1261 1228; x_wconf 75' lang='grc' dir='ltr'>ξυνέστησεν</span> <span class='ocrx_word' id='word_1_65' title='bbox 1283 1155 1315 1220; x_wconf 84' lang='grc' dir='ltr'>έν</span> 
     </span>
     <span class='ocr_line' id='line_1_8' title="bbox 153 1269 1317 1370; baseline 0.003 -31"><span class='ocrx_word' id='word_1_66' title='bbox 153 1275 237 1365; x_wconf 83' lang='grc' dir='ltr'>μέσῳ</span> <span class='ocrx_word' id='word_1_67' title='bbox 255 1282 311 1340; x_wconf 91' lang='grc' dir='ltr'>τοῦ</span> <span class='ocrx_word' id='word_1_68' title='bbox 329 1297 365 1338; x_wconf 90' lang='grc' dir='ltr'>τε</span> <span class='ocrx_word' id='word_1_69' title='bbox 382 1271 512 1367; x_wconf 81' lang='grc' dir='ltr'>ἀμεροῦς</span> <span class='ocrx_word' id='word_1_70' title='bbox 527 1275 624 1339; x_wconf 84' lang='grc' dir='ltr'>αὐτῶν</span> <span class='ocrx_word' id='word_1_71' title='bbox 644 1270 695 1339; x_wconf 89' lang='grc' dir='ltr'>καὶ</span> <span class='ocrx_word' id='word_1_72' title='bbox 712 1283 767 1340; x_wconf 90' lang='grc' dir='ltr'>τοῦ</span> <span class='ocrx_word' id='word_1_73' title='bbox 781 1269 920 1340; x_wconf 79' lang='grc' dir='ltr'>κατὰτὰ</span> <span class='ocrx_word' id='word_1_74' title='bbox 934 1275 1067 1367; x_wconf 92' lang='grc' dir='ltr'>σώματα</span> <span class='ocrx_word' id='word_1_75' title='bbox 1086 1284 1242 1370; x_wconf 82' lang='grc' dir='ltr'>μεριστοῦ,</span> <span class='ocrx_word' id='word_1_76' title='bbox 1261 1275 1317 1343; x_wconf 89' lang='grc' dir='ltr'>καὶ</span> 
     </span>
     <span class='ocr_line' id='line_1_9' title="bbox 152 1391 1315 1493; baseline 0.001 -26"><span class='ocrx_word' id='word_1_77' title='bbox 152 1398 224 1491; x_wconf 91' lang='grc' dir='ltr'>τρία</span> <span class='ocrx_word' id='word_1_78' title='bbox 245 1391 351 1464; x_wconf 77' lang='grc' dir='ltr'>λαθὼν</span> <span class='ocrx_word' id='word_1_79' title='bbox 380 1395 460 1464; x_wconf 75' lang='grc' dir='ltr'>αὐτὰ</span> <span class='ocrx_word' id='word_1_80' title='bbox 482 1396 558 1465; x_wconf 89' lang='grc' dir='ltr'>όντα</span> <span class='ocrx_word' id='word_1_81' title='bbox 582 1396 806 1493; x_wconf 77' lang='grc' dir='ltr'>συνεκεράσατο</span> <span class='ocrx_word' id='word_1_82' title='bbox 832 1397 873 1478; x_wconf 85' lang='grc' dir='ltr'>εἰς</span> <span class='ocrx_word' id='word_1_83' title='bbox 895 1397 968 1491; x_wconf 88' lang='grc' dir='ltr'>μίαν</span> <span class='ocrx_word' id='word_1_84' title='bbox 993 1398 1096 1468; x_wconf 90' lang='grc' dir='ltr'>πάντα</span> <span class='ocrx_word' id='word_1_85' title='bbox 1129 1392 1226 1489; x_wconf 83' lang='grc' dir='ltr'>ἰδέαν,</span> <span class='ocrx_word' id='word_1_86' title='bbox 1255 1404 1315 1477; x_wconf 77' lang='grc' dir='ltr'>τήν</span> 
     </span>
     <span class='ocr_line' id='line_1_10' title="bbox 153 1512 1316 1623; baseline 0.003 -32"><span class='ocrx_word' id='word_1_87' title='bbox 153 1523 283 1618; x_wconf 76' lang='grc' dir='ltr'>θατέρου</span> <span class='ocrx_word' id='word_1_88' title='bbox 302 1524 389 1617; x_wconf 85' lang='grc' dir='ltr'>ῳύσιν</span> <span class='ocrx_word' id='word_1_89' title='bbox 402 1512 570 1614; x_wconf 72' lang='grc' dir='ltr'>δύσμικτον</span> <span class='ocrx_word' id='word_1_90' title='bbox 586 1519 680 1591; x_wconf 81' lang='grc' dir='ltr'>οὖσαν</span> <span class='ocrx_word' id='word_1_91' title='bbox 695 1523 734 1602; x_wconf 86' lang='grc' dir='ltr'>εἰς</span> <span class='ocrx_word' id='word_1_92' title='bbox 749 1525 858 1592; x_wconf 83' lang='grc' dir='ltr'>ταύτδν</span> <span class='ocrx_word' id='word_1_93' title='bbox 876 1517 1094 1620; x_wconf 77' lang='grc' dir='ltr'>Ευναρμόττων</span> <span class='ocrx_word' id='word_1_94' title='bbox 1114 1526 1179 1619; x_wconf 79' lang='grc' dir='ltr'>βίᾳ.</span> <span class='ocrx_word' id='word_1_95' title='bbox 1193 1528 1316 1623; x_wconf 89' lang='grc' dir='ltr'>Μιγνύς</span> 
     </span>
     <span class='ocr_line' id='line_1_11' title="bbox 152 1637 1360 1743; baseline 0.006 -30"><span class='ocrx_word' id='word_1_96' title='bbox 152 1637 188 1716; x_wconf 80' lang='grc' dir='ltr'>δὲ</span> <span class='ocrx_word' id='word_1_97' title='bbox 202 1646 282 1741; x_wconf 86' lang='grc' dir='ltr'>μετὰ</span> <span class='ocrx_word' id='word_1_98' title='bbox 300 1657 356 1725; x_wconf 80' lang='grc' dir='ltr'>τῆς</span> <span class='ocrx_word' id='word_1_99' title='bbox 380 1645 483 1726; x_wconf 86' lang='grc' dir='ltr'>οὐσίας</span> <span class='ocrx_word' id='word_1_100' title='bbox 502 1645 554 1714; x_wconf 89' lang='grc' dir='ltr'>καὶ</span> <span class='ocrx_word' id='word_1_101' title='bbox 568 1648 603 1715; x_wconf 82' lang='grc' dir='ltr'>ἐκ</span> <span class='ocrx_word' id='word_1_102' title='bbox 624 1658 715 1741; x_wconf 88' lang='grc' dir='ltr'>τριῶν</span> <span class='ocrx_word' id='word_1_103' title='bbox 735 1649 941 1743; x_wconf 76' lang='grc' dir='ltr'>ποιησάμενος</span> <span class='ocrx_word' id='word_1_104' title='bbox 962 1646 992 1718; x_wconf 87' lang='grc' dir='ltr'>έν</span> <span class='ocrx_word' id='word_1_105' title='bbox 1019 1649 1111 1719; x_wconf 87' lang='grc' dir='ltr'>πάλιν</span> <span class='ocrx_word' id='word_1_106' title='bbox 1130 1653 1201 1719; x_wconf 86' lang='grc' dir='ltr'>ὁλον</span> <span class='ocrx_word' id='word_1_107' title='bbox 1216 1639 1323 1720; x_wconf 53' lang='grc' dir='ltr'>τοῦτο’</span> <span class='ocrx_word' id='word_1_108' title='bbox 1358 1681 1360 1684; x_wconf 51' lang='lat'><em>⁴</em></span> 
     </span>
     <span class='ocr_line' id='line_1_12' title="bbox 152 1763 1312 1869; baseline -0.002 -27"><span class='ocrx_word' id='word_1_109' title='bbox 152 1781 259 1869; x_wconf 86' lang='grc' dir='ltr'>μοῖρας</span> <span class='ocrx_word' id='word_1_110' title='bbox 274 1776 348 1852; x_wconf 91' lang='grc' dir='ltr'>όσας</span> <span class='ocrx_word' id='word_1_111' title='bbox 362 1782 496 1866; x_wconf 75' lang='grc' dir='ltr'>προσῆκε</span> <span class='ocrx_word' id='word_1_112' title='bbox 512 1763 669 1866; x_wconf 77' lang='grc' dir='ltr'>διένειμεν,</span> <span class='ocrx_word' id='word_1_113' title='bbox 683 1773 814 1848; x_wconf 82' lang='grc' dir='ltr'>ἑκάστην</span> <span class='ocrx_word' id='word_1_114' title='bbox 828 1765 863 1841; x_wconf 78' lang='grc' dir='ltr'>δὲ</span> <span class='ocrx_word' id='word_1_115' title='bbox 878 1774 913 1842; x_wconf 86' lang='grc' dir='ltr'>έκ</span> <span class='ocrx_word' id='word_1_116' title='bbox 927 1800 963 1842; x_wconf 88' lang='grc' dir='ltr'>τε</span> <span class='ocrx_word' id='word_1_117' title='bbox 978 1777 1096 1842; x_wconf 89' lang='grc' dir='ltr'>ταύτοῦ</span> <span class='ocrx_word' id='word_1_118' title='bbox 1110 1773 1163 1842; x_wconf 87' lang='grc' dir='ltr'>καὶ</span> <span class='ocrx_word' id='word_1_119' title='bbox 1179 1773 1312 1866; x_wconf 80' lang='grc' dir='ltr'>θατέρου</span> 
     </span>
     <span class='ocr_line' id='line_1_13' title="bbox 151 1883 1313 1994; baseline -0.001 -26"><span class='ocrx_word' id='word_1_120' title='bbox 151 1899 276 1979; x_wconf 76' lang='grc' dir='ltr'>καὶτῆς</span> <span class='ocrx_word' id='word_1_121' title='bbox 296 1897 399 1978; x_wconf 85' lang='grc' dir='ltr'>οὐσίας</span> <span class='ocrx_word' id='word_1_122' title='bbox 419 1901 619 1993; x_wconf 87' lang='grc' dir='ltr'>μεμιγμένην.</span> <span class='ocrx_word' id='word_1_123' title='bbox 639 1883 762 1992; x_wconf 71' lang='grc' dir='ltr'>Ηρχετο</span> <span class='ocrx_word' id='word_1_124' title='bbox 788 1891 824 1968; x_wconf 82' lang='grc' dir='ltr'>δὲ</span> <span class='ocrx_word' id='word_1_125' title='bbox 842 1889 969 1994; x_wconf 85' lang='grc' dir='ltr'>διαιρεῖν</span> <span class='ocrx_word' id='word_1_126' title='bbox 990 1891 1070 1967; x_wconf 85' lang='grc' dir='ltr'>ὧδε·</span> <span class='ocrx_word' id='word_1_127' title='bbox 1100 1898 1172 1992; x_wconf 89' lang='grc' dir='ltr'>μίαν</span> <span class='ocrx_word' id='word_1_128' title='bbox 1201 1901 1313 1992; x_wconf 87' lang='grc' dir='ltr'>ἀρεῑλε</span> 
     </span>
     <span class='ocr_line' id='line_1_14' title="bbox 151 2014 1312 2120; baseline -0.003 -25"><span class='ocrx_word' id='word_1_129' title='bbox 151 2051 189 2095; x_wconf 89' lang='grc' dir='ltr'>το</span> <span class='ocrx_word' id='word_1_130' title='bbox 207 2034 331 2119; x_wconf 82' lang='grc' dir='ltr'>πρῶτον</span> <span class='ocrx_word' id='word_1_131' title='bbox 349 2024 410 2093; x_wconf 84' lang='grc' dir='ltr'>ἀπὸ</span> <span class='ocrx_word' id='word_1_132' title='bbox 436 2024 551 2103; x_wconf 87' lang='grc' dir='ltr'>παντὸς</span> <span class='ocrx_word' id='word_1_133' title='bbox 568 2031 690 2118; x_wconf 83' lang='grc' dir='ltr'>μοῖραν,</span> <span class='ocrx_word' id='word_1_134' title='bbox 710 2021 792 2116; x_wconf 83' lang='grc' dir='ltr'>μιτδι</span> <span class='ocrx_word' id='word_1_135' title='bbox 814 2014 849 2092; x_wconf 85' lang='grc' dir='ltr'>δὲ</span> <span class='ocrx_word' id='word_1_136' title='bbox 871 2025 990 2100; x_wconf 89' lang='grc' dir='ltr'>ταύτην</span> <span class='ocrx_word' id='word_1_137' title='bbox 1008 2025 1117 2120; x_wconf 76' lang='grc' dir='ltr'>ἀρήρει</span> <span class='ocrx_word' id='word_1_138' title='bbox 1140 2017 1312 2095; x_wconf 87' lang='grc' dir='ltr'>διπλασίαν</span> 
     </span>
     <span class='ocr_line' id='line_1_15' title="bbox 150 2142 1311 2247; baseline -0.003 -23"><span class='ocrx_word' id='word_1_139' title='bbox 150 2155 289 2240; x_wconf 85' lang='grc' dir='ltr'>ταύτης,</span> <span class='ocrx_word' id='word_1_140' title='bbox 312 2153 368 2227; x_wconf 78' lang='grc' dir='ltr'>τήν</span> <span class='ocrx_word' id='word_1_141' title='bbox 395 2142 466 2218; x_wconf 86' lang='grc' dir='ltr'>δἀὐ</span> <span class='ocrx_word' id='word_1_142' title='bbox 485 2150 590 2246; x_wconf 80' lang='grc' dir='ltr'>τρίτην</span> <span class='ocrx_word' id='word_1_143' title='bbox 616 2150 757 2244; x_wconf 75' lang='grc' dir='ltr'>ἡμιολίαν</span> <span class='ocrx_word' id='word_1_144' title='bbox 783 2152 838 2245; x_wconf 82' lang='grc' dir='ltr'>μὲν</span> <span class='ocrx_word' id='word_1_145' title='bbox 859 2162 916 2231; x_wconf 78' lang='grc' dir='ltr'>τῆς</span> <span class='ocrx_word' id='word_1_146' title='bbox 941 2143 1099 2243; x_wconf 81' lang='grc' dir='ltr'>δευτέρας,</span> <span class='ocrx_word' id='word_1_147' title='bbox 1123 2152 1311 2247; x_wconf 90' lang='grc' dir='ltr'>τριπλασίαν</span> 
     </span>
     <span class='ocr_line' id='line_1_16' title="bbox 150 2267 1312 2376; baseline 0.001 -29"><span class='ocrx_word' id='word_1_148' title='bbox 150 2270 187 2347; x_wconf 82' lang='grc' dir='ltr'>δὲ</span> <span class='ocrx_word' id='word_1_149' title='bbox 204 2288 260 2358; x_wconf 80' lang='grc' dir='ltr'>τῆς</span> <span class='ocrx_word' id='word_1_150' title='bbox 274 2280 411 2368; x_wconf 84' lang='grc' dir='ltr'>πρώτης,</span> <span class='ocrx_word' id='word_1_151' title='bbox 426 2271 579 2368; x_wconf 90' lang='grc' dir='ltr'>τετάρτην</span> <span class='ocrx_word' id='word_1_152' title='bbox 599 2268 634 2344; x_wconf 83' lang='grc' dir='ltr'>δὲ</span> <span class='ocrx_word' id='word_1_153' title='bbox 650 2287 705 2354; x_wconf 74' lang='grc' dir='ltr'>τῆς</span> <span class='ocrx_word' id='word_1_154' title='bbox 720 2267 866 2372; x_wconf 82' lang='grc' dir='ltr'>δευτέρας</span> <span class='ocrx_word' id='word_1_155' title='bbox 885 2269 1011 2376; x_wconf 78' lang='grc' dir='ltr'>διπλῆν,</span> <span class='ocrx_word' id='word_1_156' title='bbox 1026 2281 1176 2372; x_wconf 79' lang='grc' dir='ltr'>πέμπτην</span> <span class='ocrx_word' id='word_1_157' title='bbox 1192 2269 1229 2348; x_wconf 76' lang='grc' dir='ltr'>δὲ</span> <span class='ocrx_word' id='word_1_158' title='bbox 1241 2306 1312 2375; x_wconf 83' lang='grc' dir='ltr'>τρι·</span> 
     </span>
     <span class='ocr_line' id='line_1_17' title="bbox 149 2393 1311 2497; baseline 0.001 -26"><span class='ocrx_word' id='word_1_159' title='bbox 149 2412 230 2480; x_wconf 73' lang='grc' dir='ltr'>πλήν</span> <span class='ocrx_word' id='word_1_160' title='bbox 244 2412 300 2481; x_wconf 77' lang='grc' dir='ltr'>τῆς</span> <span class='ocrx_word' id='word_1_161' title='bbox 314 2401 431 2496; x_wconf 88' lang='grc' dir='ltr'>τρίτης,</span> <span class='ocrx_word' id='word_1_162' title='bbox 453 2404 508 2477; x_wconf 70' lang='grc' dir='ltr'>τὴν</span> <span class='ocrx_word' id='word_1_163' title='bbox 528 2393 558 2468; x_wconf 86' lang='grc' dir='ltr'>δ’</span> <span class='ocrx_word' id='word_1_164' title='bbox 580 2405 671 2478; x_wconf 89' lang='grc' dir='ltr'>έκτην</span> <span class='ocrx_word' id='word_1_165' title='bbox 698 2413 754 2482; x_wconf 77' lang='grc' dir='ltr'>τῆς</span> <span class='ocrx_word' id='word_1_166' title='bbox 772 2405 895 2497; x_wconf 82' lang='grc' dir='ltr'>πρώτης</span> <span class='ocrx_word' id='word_1_167' title='bbox 920 2403 1147 2489; x_wconf 81' lang='grc' dir='ltr'>ὀκταπλασίαν,</span> <span class='ocrx_word' id='word_1_168' title='bbox 1171 2396 1311 2497; x_wconf 78' lang='grc' dir='ltr'>ἐύδόμην</span> 
     </span>
     <span class='ocr_line' id='line_1_18' title="bbox 149 2514 1311 2624; baseline 0.001 -27"><span class='ocrx_word' id='word_1_169' title='bbox 149 2523 180 2597; x_wconf 90' lang='grc' dir='ltr'>δ’</span> <span class='ocrx_word' id='word_1_170' title='bbox 195 2526 554 2598; x_wconf 81' lang='grc' dir='ltr'>έπτακαιεικοσιπλασίαν</span> <span class='ocrx_word' id='word_1_171' title='bbox 571 2539 627 2608; x_wconf 81' lang='grc' dir='ltr'>τῆς</span> <span class='ocrx_word' id='word_1_172' title='bbox 644 2531 782 2620; x_wconf 87' lang='grc' dir='ltr'>πρώτης.</span> <span class='ocrx_word' id='word_1_173' title='bbox 803 2514 898 2598; x_wconf 77' lang='grc' dir='ltr'>Μετὰ</span> <span class='ocrx_word' id='word_1_174' title='bbox 912 2519 948 2596; x_wconf 85' lang='grc' dir='ltr'>δὲ</span> <span class='ocrx_word' id='word_1_175' title='bbox 962 2539 1066 2597; x_wconf 89' lang='grc' dir='ltr'>ταῦτα</span> <span class='ocrx_word' id='word_1_176' title='bbox 1079 2535 1311 2624; x_wconf 79' lang='grc' dir='ltr'>συνεπληροῦτο</span> 
     </span>
     <span class='ocr_line' id='line_1_19' title="bbox 150 2645 1311 2749; baseline -0.001 -24"><span class='ocrx_word' id='word_1_177' title='bbox 150 2656 193 2725; x_wconf 89' lang='grc' dir='ltr'>τά</span> <span class='ocrx_word' id='word_1_178' title='bbox 207 2681 238 2725; x_wconf 91' lang='grc' dir='ltr'>τε</span> <span class='ocrx_word' id='word_1_179' title='bbox 253 2646 404 2722; x_wconf 90' lang='grc' dir='ltr'>διπλάσια</span> <span class='ocrx_word' id='word_1_180' title='bbox 423 2655 475 2720; x_wconf 92' lang='grc' dir='ltr'>καὶ</span> <span class='ocrx_word' id='word_1_181' title='bbox 493 2653 662 2746; x_wconf 84' lang='grc' dir='ltr'>τριπλάσια</span> <span class='ocrx_word' id='word_1_182' title='bbox 686 2645 890 2745; x_wconf 88' lang='grc' dir='ltr'>διαστήματα</span> <span class='ocrx_word' id='word_1_183' title='bbox 907 2652 1016 2749; x_wconf 89' lang='grc' dir='ltr'>μοίρας</span> <span class='ocrx_word' id='word_1_184' title='bbox 1036 2655 1081 2722; x_wconf 88' lang='grc' dir='ltr'>έτι</span> <span class='ocrx_word' id='word_1_185' title='bbox 1100 2655 1209 2723; x_wconf 84' lang='grc' dir='ltr'>έκεῖθεν</span> <span class='ocrx_word' id='word_1_186' title='bbox 1229 2657 1311 2724; x_wconf 88' lang='grc' dir='ltr'>ἀπο·</span> 
     </span>
     <span class='ocr_line' id='line_1_20' title="bbox 150 2771 1311 2877; baseline -0.002 -26"><span class='ocrx_word' id='word_1_187' title='bbox 150 2775 268 2877; x_wconf 85' lang='grc' dir='ltr'>τέμνων</span> <span class='ocrx_word' id='word_1_188' title='bbox 285 2778 337 2848; x_wconf 90' lang='grc' dir='ltr'>καὶ</span> <span class='ocrx_word' id='word_1_189' title='bbox 351 2776 442 2857; x_wconf 88' lang='grc' dir='ltr'>τιθεὶς</span> <span class='ocrx_word' id='word_1_190' title='bbox 457 2778 498 2857; x_wconf 88' lang='grc' dir='ltr'>εἰς</span> <span class='ocrx_word' id='word_1_191' title='bbox 512 2780 547 2847; x_wconf 88' lang='grc' dir='ltr'>τδ</span> <span class='ocrx_word' id='word_1_192' title='bbox 563 2773 679 2871; x_wconf 81' lang='grc' dir='ltr'>μεταξὺ</span> <span class='ocrx_word' id='word_1_193' title='bbox 695 2780 827 2863; x_wconf 89' lang='grc' dir='ltr'>τούτων,</span> <span class='ocrx_word' id='word_1_194' title='bbox 843 2783 921 2847; x_wconf 85' lang='grc' dir='ltr'>ὥστε</span> <span class='ocrx_word' id='word_1_195' title='bbox 932 2784 962 2849; x_wconf 83' lang='grc' dir='ltr'>ἐν</span> <span class='ocrx_word' id='word_1_196' title='bbox 977 2779 1100 2870; x_wconf 84' lang='grc' dir='ltr'>ἑκάστῳ</span> <span class='ocrx_word' id='word_1_197' title='bbox 1116 2771 1311 2875; x_wconf 71' lang='grc' dir='ltr'>διαστήματι</span> 
     </span>
    </p>
   </div>
   <div class='ocr_carea' id='block_1_3' title="bbox 150 2890 1308 3001">
    <p class='ocr_par' dir='ltr' id='par_1_3' title="bbox 150 2890 1308 3001">
     <span class='ocr_line' id='line_1_21' title="bbox 150 2890 1308 3001; baseline -0.001 -26"><span class='ocrx_word' id='word_1_198' title='bbox 150 2900 206 2976; x_wconf 91' lang='grc' dir='ltr'>δύο</span> <span class='ocrx_word' id='word_1_199' title='bbox 221 2897 296 2975; x_wconf 73' lang='grc' dir='ltr'>εἶναι</span> <span class='ocrx_word' id='word_1_200' title='bbox 316 2890 501 2999; x_wconf 87' lang='grc' dir='ltr'>μεσότητας,</span> <span class='ocrx_word' id='word_1_201' title='bbox 516 2907 572 2980; x_wconf 76' lang='grc' dir='ltr'>τήν</span> <span class='ocrx_word' id='word_1_202' title='bbox 588 2904 642 2997; x_wconf 81' lang='grc' dir='ltr'>μὲν</span> <span class='ocrx_word' id='word_1_203' title='bbox 659 2907 763 2993; x_wconf 82' lang='grc' dir='ltr'>ταύτῷ</span> <span class='ocrx_word' id='word_1_204' title='bbox 780 2907 861 2999; x_wconf 87' lang='grc' dir='ltr'>μέρει</span> <span class='ocrx_word' id='word_1_205' title='bbox 881 2913 942 2972; x_wconf 85' lang='grc' dir='ltr'>τῶν</span> <span class='ocrx_word' id='word_1_206' title='bbox 963 2900 1065 2999; x_wconf 88' lang='grc' dir='ltr'>ἀκρων</span> <span class='ocrx_word' id='word_1_207' title='bbox 1082 2907 1190 2994; x_wconf 84' lang='grc' dir='ltr'>αὐτῶν</span> <span class='ocrx_word' id='word_1_208' title='bbox 1200 2907 1308 3001; x_wconf 83' lang='grc' dir='ltr'>ὑπερέ-</span> 
     </span>
    </p>
   </div>
   <div class='ocr_carea' id='block_1_4' title="bbox 148 3021 1309 3126">
    <p class='ocr_par' dir='ltr' id='par_1_4' title="bbox 148 3021 1309 3126">
     <span class='ocr_line' id='line_1_22' title="bbox 148 3021 1309 3126; baseline -0.002 -26"><span class='ocrx_word' id='word_1_209' title='bbox 148 3058 263 3126; x_wconf 87' lang='grc' dir='ltr'>χουσαν</span> <span class='ocrx_word' id='word_1_210' title='bbox 277 3033 329 3098; x_wconf 90' lang='grc' dir='ltr'>καὶ</span> <span class='ocrx_word' id='word_1_211' title='bbox 349 3032 583 3123; x_wconf 77' lang='grc' dir='ltr'>ὑπερεχομένην,</span> <span class='ocrx_word' id='word_1_212' title='bbox 602 3032 658 3104; x_wconf 81' lang='grc' dir='ltr'>τήν</span> <span class='ocrx_word' id='word_1_213' title='bbox 681 3021 715 3096; x_wconf 83' lang='grc' dir='ltr'>δὲ</span> <span class='ocrx_word' id='word_1_214' title='bbox 736 3027 793 3118; x_wconf 86' lang='grc' dir='ltr'>ἴσῳ</span> <span class='ocrx_word' id='word_1_215' title='bbox 816 3031 869 3122; x_wconf 87' lang='grc' dir='ltr'>μὲν</span> <span class='ocrx_word' id='word_1_216' title='bbox 897 3032 966 3099; x_wconf 90' lang='grc' dir='ltr'>κατ’</span> <span class='ocrx_word' id='word_1_217' title='bbox 991 3030 1118 3125; x_wconf 88' lang='grc' dir='ltr'>ἀριθμὸν</span> <span class='ocrx_word' id='word_1_218' title='bbox 1137 3033 1309 3126; x_wconf 70' lang='grc' dir='ltr'>ὑπερέχου-</span> 
     </span>
    </p>
   </div>
   <div class='ocr_carea' id='block_1_5' title="bbox 82 3141 1308 4508">
    <p class='ocr_par' dir='ltr' id='par_1_5' title="bbox 82 3141 1308 4508">
     <span class='ocr_line' id='line_1_23' title="bbox 149 3141 1308 3253; baseline -0.003 -25"><span class='ocrx_word' id='word_1_219' title='bbox 149 3183 217 3243; x_wconf 85' lang='grc' dir='ltr'>σαν,</span> <span class='ocrx_word' id='word_1_220' title='bbox 231 3155 288 3244; x_wconf 86' lang='grc' dir='ltr'>’ίσῳ</span> <span class='ocrx_word' id='word_1_221' title='bbox 307 3151 342 3224; x_wconf 84' lang='grc' dir='ltr'>δὲ</span> <span class='ocrx_word' id='word_1_222' title='bbox 364 3158 596 3249; x_wconf 79' lang='grc' dir='ltr'>ὑπερεχομένην.</span> <span class='ocrx_word' id='word_1_223' title='bbox 616 3141 773 3249; x_wconf 74' lang='grc' dir='ltr'>Ημιολέων</span> <span class='ocrx_word' id='word_1_224' title='bbox 795 3147 832 3222; x_wconf 80' lang='grc' dir='ltr'>δέ</span> <span class='ocrx_word' id='word_1_225' title='bbox 851 3147 1044 3227; x_wconf 87' lang='grc' dir='ltr'>διαστάσεων</span> <span class='ocrx_word' id='word_1_226' title='bbox 1068 3157 1120 3225; x_wconf 86' lang='grc' dir='ltr'>καὶ</span> <span class='ocrx_word' id='word_1_227' title='bbox 1139 3158 1308 3253; x_wconf 73' lang='grc' dir='ltr'>ἐπιτρίτων</span> 
     </span>
     <span class='ocr_line' id='line_1_24' title="bbox 148 3273 1306 3378; baseline -0.003 -24"><span class='ocrx_word' id='word_1_228' title='bbox 148 3285 201 3354; x_wconf 83' lang='grc' dir='ltr'>καὶ</span> <span class='ocrx_word' id='word_1_229' title='bbox 219 3274 378 3377; x_wconf 81' lang='grc' dir='ltr'>ἐπογδόων</span> <span class='ocrx_word' id='word_1_230' title='bbox 402 3284 570 3374; x_wconf 84' lang='grc' dir='ltr'>γενομένων</span> <span class='ocrx_word' id='word_1_231' title='bbox 594 3283 629 3348; x_wconf 80' lang='grc' dir='ltr'>ἐκ</span> <span class='ocrx_word' id='word_1_232' title='bbox 649 3283 767 3350; x_wconf 89' lang='grc' dir='ltr'>τούτων</span> <span class='ocrx_word' id='word_1_233' title='bbox 796 3289 855 3349; x_wconf 85' lang='grc' dir='ltr'>τῶν</span> <span class='ocrx_word' id='word_1_234' title='bbox 879 3273 1001 3376; x_wconf 86' lang='grc' dir='ltr'>δεσμῶν</span> <span class='ocrx_word' id='word_1_235' title='bbox 1027 3287 1060 3350; x_wconf 85' lang='grc' dir='ltr'>ἐν</span> <span class='ocrx_word' id='word_1_236' title='bbox 1085 3289 1154 3362; x_wconf 84' lang='grc' dir='ltr'>ταῖς</span> <span class='ocrx_word' id='word_1_237' title='bbox 1174 3284 1306 3378; x_wconf 78' lang='grc' dir='ltr'>πρόσθεν</span> 
     </span>
     <span class='ocr_line' id='line_1_25' title="bbox 149 3397 1307 3503; baseline -0.001 -24"><span class='ocrx_word' id='word_1_238' title='bbox 149 3403 330 3479; x_wconf 88' lang='grc' dir='ltr'>διαστάσεσι</span> <span class='ocrx_word' id='word_1_239' title='bbox 349 3411 392 3497; x_wconf 77' lang='grc' dir='ltr'>τῷ</span> <span class='ocrx_word' id='word_1_240' title='bbox 412 3417 467 3474; x_wconf 91' lang='grc' dir='ltr'>τοῦ</span> <span class='ocrx_word' id='word_1_241' title='bbox 483 3397 634 3503; x_wconf 78' lang='grc' dir='ltr'>ἐπογδόου</span> <span class='ocrx_word' id='word_1_242' title='bbox 657 3397 851 3499; x_wconf 73' lang='grc' dir='ltr'>διαστήματι</span> <span class='ocrx_word' id='word_1_243' title='bbox 872 3406 915 3475; x_wconf 81' lang='grc' dir='ltr'>τὰ</span> <span class='ocrx_word' id='word_1_244' title='bbox 938 3407 1079 3502; x_wconf 85' lang='grc' dir='ltr'>ἐπίτριτα</span> <span class='ocrx_word' id='word_1_245' title='bbox 1097 3409 1202 3477; x_wconf 89' lang='grc' dir='ltr'>πάντα</span> <span class='ocrx_word' id='word_1_246' title='bbox 1216 3435 1307 3478; x_wconf 88' lang='grc' dir='ltr'>συνε-</span> 
     </span>
     <span class='ocr_line' id='line_1_26' title="bbox 148 3528 1306 3631; baseline -0.003 -26"><span class='ocrx_word' id='word_1_247' title='bbox 148 3545 317 3631; x_wconf 82' lang='grc' dir='ltr'>πληροῦτο,</span> <span class='ocrx_word' id='word_1_248' title='bbox 337 3531 450 3601; x_wconf 87' lang='grc' dir='ltr'>λείπων</span> <span class='ocrx_word' id='word_1_249' title='bbox 470 3535 571 3599; x_wconf 88' lang='grc' dir='ltr'>αὐτῶν</span> <span class='ocrx_word' id='word_1_250' title='bbox 600 3528 732 3600; x_wconf 77' lang='grc' dir='ltr'>ἑκάστου</span> <span class='ocrx_word' id='word_1_251' title='bbox 754 3532 871 3625; x_wconf 88' lang='grc' dir='ltr'>μόριον,</span> <span class='ocrx_word' id='word_1_252' title='bbox 897 3542 952 3612; x_wconf 78' lang='grc' dir='ltr'>τῆς</span> <span class='ocrx_word' id='word_1_253' title='bbox 977 3543 1034 3600; x_wconf 91' lang='grc' dir='ltr'>τοῦ</span> <span class='ocrx_word' id='word_1_254' title='bbox 1060 3532 1168 3626; x_wconf 89' lang='grc' dir='ltr'>μορίου</span> <span class='ocrx_word' id='word_1_255' title='bbox 1186 3537 1306 3615; x_wconf 82' lang='grc' dir='ltr'>ταύτης</span> 
     </span>
     <span class='ocr_line' id='line_1_27' title="bbox 149 3652 1305 3753; baseline 0 -25"><span class='ocrx_word' id='word_1_256' title='bbox 149 3652 338 3736; x_wconf 80' lang='grc' dir='ltr'>διαστάσεως</span> <span class='ocrx_word' id='word_1_257' title='bbox 358 3654 527 3751; x_wconf 75' lang='grc' dir='ltr'>λειφθείσης</span> <span class='ocrx_word' id='word_1_258' title='bbox 543 3656 671 3749; x_wconf 86' lang='grc' dir='ltr'>ἀριθμοῦ</span> <span class='ocrx_word' id='word_1_259' title='bbox 690 3658 765 3753; x_wconf 84' lang='grc' dir='ltr'>πρὸς</span> <span class='ocrx_word' id='word_1_260' title='bbox 784 3656 909 3751; x_wconf 89' lang='grc' dir='ltr'>ἀριθμὸν</span> <span class='ocrx_word' id='word_1_261' title='bbox 927 3659 1055 3750; x_wconf 84' lang='grc' dir='ltr'>ἐχούσης</span> <span class='ocrx_word' id='word_1_262' title='bbox 1071 3659 1145 3738; x_wconf 90' lang='grc' dir='ltr'>τούς</span> <span class='ocrx_word' id='word_1_263' title='bbox 1165 3661 1253 3752; x_wconf 84' lang='grc' dir='ltr'>ὅρους</span> <span class='ocrx_word' id='word_1_264' title='bbox 1272 3655 1305 3740; x_wconf 77' lang='grc' dir='ltr'>έξ</span> 
     </span>
     <span class='ocr_line' id='line_1_28' title="bbox 149 3772 1304 3876; baseline 0 -22"><span class='ocrx_word' id='word_1_265' title='bbox 149 3786 201 3854; x_wconf 90' lang='grc' dir='ltr'>καὶ</span> <span class='ocrx_word' id='word_1_266' title='bbox 215 3787 407 3859; x_wconf 86' lang='grc' dir='ltr'>πεντήκοντα</span> <span class='ocrx_word' id='word_1_267' title='bbox 421 3780 473 3847; x_wconf 86' lang='grc' dir='ltr'>καὶ</span> <span class='ocrx_word' id='word_1_268' title='bbox 489 3772 652 3848; x_wconf 87' lang='grc' dir='ltr'>διακοσίων</span> <span class='ocrx_word' id='word_1_269' title='bbox 672 3781 746 3873; x_wconf 82' lang='grc' dir='ltr'>πρὸς</span> <span class='ocrx_word' id='word_1_270' title='bbox 760 3780 831 3876; x_wconf 88' lang='grc' dir='ltr'>τρία</span> <span class='ocrx_word' id='word_1_271' title='bbox 850 3779 901 3849; x_wconf 88' lang='grc' dir='ltr'>καὶ</span> <span class='ocrx_word' id='word_1_272' title='bbox 916 3782 1150 3875; x_wconf 90' lang='grc' dir='ltr'>τεσσαράκοντα</span> <span class='ocrx_word' id='word_1_273' title='bbox 1165 3783 1218 3851; x_wconf 90' lang='grc' dir='ltr'>καὶ</span> <span class='ocrx_word' id='word_1_274' title='bbox 1231 3776 1304 3854; x_wconf 76' lang='grc' dir='ltr'>δια·</span> 
     </span>
     <span class='ocr_line' id='line_1_29' title="bbox 148 3898 1303 4000; baseline -0.003 -19"><span class='ocrx_word' id='word_1_275' title='bbox 148 3912 249 3980; x_wconf 90' lang='grc' dir='ltr'>κόσια.</span> <span class='ocrx_word' id='word_1_276' title='bbox 271 3908 334 3975; x_wconf 82' lang='grc' dir='ltr'>Καὶ</span> <span class='ocrx_word' id='word_1_277' title='bbox 350 3899 389 3983; x_wconf 78' lang='grc' dir='ltr'>δὴ</span> <span class='ocrx_word' id='word_1_278' title='bbox 406 3905 507 3973; x_wconf 87' lang='grc' dir='ltr'>καὶτὸ</span> <span class='ocrx_word' id='word_1_279' title='bbox 528 3903 645 3998; x_wconf 84' lang='grc' dir='ltr'>μιχθὲν,</span> <span class='ocrx_word' id='word_1_280' title='bbox 667 3898 699 3982; x_wconf 81' lang='grc' dir='ltr'>ἐξ</span> <span class='ocrx_word' id='word_1_281' title='bbox 722 3904 756 3974; x_wconf 86' lang='grc' dir='ltr'>οὐ</span> <span class='ocrx_word' id='word_1_282' title='bbox 776 3915 880 3974; x_wconf 88' lang='grc' dir='ltr'>ταῦτα</span> <span class='ocrx_word' id='word_1_283' title='bbox 901 3910 1098 4000; x_wconf 88' lang='grc' dir='ltr'>κατέτεμνεν,</span> <span class='ocrx_word' id='word_1_284' title='bbox 1124 3910 1223 3988; x_wconf 89' lang='grc' dir='ltr'>οὐτως</span> <span class='ocrx_word' id='word_1_285' title='bbox 1239 3902 1303 3985; x_wconf 78' lang='grc' dir='ltr'>ἤδη</span> 
     </span>
     <span class='ocr_line' id='line_1_30' title="bbox 148 4021 1305 4108; baseline -0.003 -3"><span class='ocrx_word' id='word_1_286' title='bbox 148 4042 209 4106; x_wconf 79' lang='grc' dir='ltr'>πάν</span> <span class='ocrx_word' id='word_1_287' title='bbox 233 4035 459 4102; x_wconf 87' lang='grc' dir='ltr'>καταναλώκει.</span> <span class='ocrx_word' id='word_1_288' title='bbox 479 4032 602 4104; x_wconf 82' lang='grc' dir='ltr'>Ταύτην</span> <span class='ocrx_word' id='word_1_289' title='bbox 623 4027 674 4099; x_wconf 83' lang='grc' dir='ltr'>οὐν</span> <span class='ocrx_word' id='word_1_290' title='bbox 698 4033 754 4106; x_wconf 71' lang='grc' dir='ltr'>τήν</span> <span class='ocrx_word' id='word_1_291' title='bbox 779 4024 924 4108; x_wconf 77' lang='grc' dir='ltr'>ξύστασιν</span> <span class='ocrx_word' id='word_1_292' title='bbox 949 4035 1051 4098; x_wconf 87' lang='grc' dir='ltr'>πάσαν</span> <span class='ocrx_word' id='word_1_293' title='bbox 1073 4021 1186 4107; x_wconf 79' lang='grc' dir='ltr'>διπλῆν</span> <span class='ocrx_word' id='word_1_294' title='bbox 1219 4031 1305 4102; x_wconf 75' lang='grc' dir='ltr'>κατὰ</span> 
     </span>
     <span class='ocr_line' id='line_1_31' title="bbox 149 4150 1304 4259; baseline -0.003 -30"><span class='ocrx_word' id='word_1_295' title='bbox 149 4175 246 4259; x_wconf 78' lang='grc' dir='ltr'>μῆκος</span> <span class='ocrx_word' id='word_1_296' title='bbox 260 4159 369 4252; x_wconf 85' lang='grc' dir='ltr'>σχίσας</span> <span class='ocrx_word' id='word_1_297' title='bbox 389 4158 482 4250; x_wconf 85' lang='grc' dir='ltr'>μέσην</span> <span class='ocrx_word' id='word_1_298' title='bbox 500 4156 575 4248; x_wconf 84' lang='grc' dir='ltr'>πρὸς</span> <span class='ocrx_word' id='word_1_299' title='bbox 595 4157 688 4249; x_wconf 88' lang='grc' dir='ltr'>μέσην</span> <span class='ocrx_word' id='word_1_300' title='bbox 704 4157 848 4249; x_wconf 83' lang='grc' dir='ltr'>ἑκατέραν</span> <span class='ocrx_word' id='word_1_301' title='bbox 865 4159 1014 4235; x_wconf 82' lang='grc' dir='ltr'>ἀλλήλαις</span> <span class='ocrx_word' id='word_1_302' title='bbox 1030 4150 1091 4224; x_wconf 90' lang='grc' dir='ltr'>οἷον</span> <span class='ocrx_word' id='word_1_303' title='bbox 1113 4152 1304 4251; x_wconf 59' lang='grc' dir='ltr'>χῒπροσύαό</span> 
     </span>
     <span class='ocr_line' id='line_1_32' title="bbox 144 4276 1303 4378; baseline -0.012 -14"><span class='ocrx_word' id='word_1_304' title='bbox 144 4298 208 4363; x_wconf 84' lang='grc' dir='ltr'>λὼν</span> <span class='ocrx_word' id='word_1_305' title='bbox 227 4280 424 4378; x_wconf 79' lang='grc' dir='ltr'>κατέκαμψεν</span> <span class='ocrx_word' id='word_1_306' title='bbox 445 4280 486 4360; x_wconf 86' lang='grc' dir='ltr'>εἰς</span> <span class='ocrx_word' id='word_1_307' title='bbox 500 4277 530 4347; x_wconf 82' lang='grc' dir='ltr'>έν</span> <span class='ocrx_word' id='word_1_308' title='bbox 546 4282 658 4371; x_wconf 89' lang='grc' dir='ltr'>κύκλῳ,</span> <span class='ocrx_word' id='word_1_309' title='bbox 682 4276 816 4374; x_wconf 72' lang='grc' dir='ltr'>ξυνάδας</span> <span class='ocrx_word' id='word_1_310' title='bbox 836 4288 943 4361; x_wconf 87' lang='grc' dir='ltr'>αὐταῖς</span> <span class='ocrx_word' id='word_1_311' title='bbox 965 4307 997 4349; x_wconf 91' lang='grc' dir='ltr'>τε</span> <span class='ocrx_word' id='word_1_312' title='bbox 1018 4280 1070 4350; x_wconf 91' lang='grc' dir='ltr'>καὶ</span> <span class='ocrx_word' id='word_1_313' title='bbox 1096 4281 1246 4362; x_wconf 84' lang='grc' dir='ltr'>ἀλλήλαις</span> <span class='ocrx_word' id='word_1_314' title='bbox 1272 4286 1303 4352; x_wconf 78' lang='grc' dir='ltr'>έν</span> 
     </span>
     <span class='ocr_line' id='line_1_33' title="bbox 82 4400 1303 4508; baseline -0.01 -20"><span class='ocrx_word' id='word_1_315' title='bbox 82 4438 85 4446; x_wconf 92' lang='grc'><em>·</em></span> <span class='ocrx_word' id='word_1_316' title='bbox 146 4426 191 4508; x_wconf 83' lang='grc' dir='ltr'>τῷ</span> <span class='ocrx_word' id='word_1_317' title='bbox 203 4408 391 4504; x_wconf 84' lang='grc' dir='ltr'>καταντικρὺ</span> <span class='ocrx_word' id='word_1_318' title='bbox 407 4417 463 4488; x_wconf 81' lang='grc' dir='ltr'>τῆς</span> <span class='ocrx_word' id='word_1_319' title='bbox 477 4400 665 4501; x_wconf 79' lang='grc' dir='ltr'>προσύολῆς,</span> <span class='ocrx_word' id='word_1_320' title='bbox 678 4410 731 4478; x_wconf 85' lang='grc' dir='ltr'>καὶ</span> <span class='ocrx_word' id='word_1_321' title='bbox 747 4419 787 4505; x_wconf 81' lang='grc' dir='ltr'>τῇ</span> <span class='ocrx_word' id='word_1_322' title='bbox 802 4405 885 4479; x_wconf 81' lang='grc' dir='ltr'>κατὰ</span> <span class='ocrx_word' id='word_1_323' title='bbox 903 4405 1010 4479; x_wconf 78' lang='grc' dir='ltr'>ταύτά</span> <span class='ocrx_word' id='word_1_324' title='bbox 1024 4411 1054 4477; x_wconf 83' lang='grc' dir='ltr'>έν</span> <span class='ocrx_word' id='word_1_325' title='bbox 1073 4409 1181 4498; x_wconf 80' lang='grc' dir='ltr'>ταύτῷ</span> <span class='ocrx_word' id='word_1_326' title='bbox 1194 4433 1303 4505; x_wconf 62' lang='grc' dir='ltr'>περιαε</span> 
     </span>
    </p>
   </div>
   <div class='ocr_carea' id='block_1_6' title="bbox 0 0 1400 4770">
    <p class='ocr_par' dir='ltr' id='par_1_6' title="bbox 0 0 1400 4770">
     <span class='ocr_line' id='line_1_34' title="bbox 0 0 1400 4770; baseline 0 2"><span class='ocrx_word' id='word_1_327' title='bbox 0 0 1400 4770; x_wconf 95' lang='lat' dir='ltr'> </span> 
     </span>
    </p>
   </div>
  </div>
 </body>
</html>
