2790 4770
629 300 829 387 -eae-

192 456 270 536 Cic,
291 460 328 520 rte
344 463 460 536 Dicte,
478 464 516 537 ΙΙ,
546 450 615 541 cap.
635 466 677 524 5:
703 499 741 511 -
754 465 809 526 Est
830 461 962 543 qnidam
986 446 1108 544 graecus
1123 462 1267 544 vulgaris
1290 463 1322 524 in

151 567 234 632 hanc
248 571 439 634 sententiam
459 590 569 635 versus
588 593 595 635 :

274 730 349 787 Bene
359 730 405 803 qui
415 730 555 805 conjiciet,
567 739 657 790 vatem
667 731 741 789 hunc
752 731 906 818 pepiribebo
917 733 1055 806 optimum
1065 735 1114 807 (t).

157 962 159 966 Α
179 884 266 972 ilic,
285 885 321 947 de
335 887 556 969 Seneet.,'cap.
572 890 610 951 8:
626 923 666 935 ·-
741 888 835 968 Quid,
852 894 942 971 qnod¹
958 890 1054 955 etiam
1069 892 1247 955 addiscunt
1261 895 1321 956 ali-

149 993 247 1073 quid?
262 1001 296 1057 ut
322 996 472 1059 Solonem
497 997 640 1060 versibus
657 999 847 1080 gloriantem
861 1000 1019 1078 videmus,
1039 983 1150 1083 quise
1166 1005 1320 1084 quotidie

149 1103 269 1183 aliquid
285 1104 514 1180 addiscentem,
532 1124 640 1169 senem
660 1107 727 1170 ficri
745 1107 862 1173 dicit...
1115 1172 1127 1188 ,,

190 1213 316 1287 Ibidem,
332 1231 402 1293 cap.
427 1217 465 1276 ΙΙ
485 1232 545 1274 :-
611 1217 653 1278 Ut
667 1216 839 1279 honestum
864 1218 943 1282 illud
962 1219 1088 1283 Solonis
1098 1219 1150 1298 sit,
1165 1225 1257 1302 quod
1274 1225 1320 1286 ait

148 1319 302 1402 versiculo
314 1324 464 1402 quodam,
480 1328 516 1384 nt
532 1328 605 1384 ante
618 1323 695 1400 dixi,
715 1344 879 1389 senescere
891 1345 935 1400 se,
953 1330 1051 1392 multa
1066 1328 1096 1391 in
1120 1329 1189 1392 dies
1205 1333 1318 1394 addis-

150 1433 275 1489 centem
290 1429 344 1508 (κ).

191 1535 269 1613 Cin,
283 1538 319 1598 ele
333 1535 409 1616 Ost,
422 1541 459 1615 11,
477 1558 547 1619 cap.
563 1541 602 1601 κδ
620 1559 680 1602 :—
692 1542 801 1628 ltaque
812 1541 1021 1621 quodApollo
1032 1535 1165 1624 Pythius
1180 1523 1315 1609 oraculo

148 1645 259 1722 edidit,
277 1650 422 1727 Spartam
447 1649 533 1709 nulla
547 1666 580 1709 re
594 1646 666 1724 alia,
688 1647 749 1709 nisi
769 1645 899 1709 avaritia
918 1648 1105 1728 perituram,
1136 1648 1168 1711 id
1184 1648 1317 1712 videtur

149 1770 212 1814 non
228 1754 331 1815 solum
349 1751 605 1828 Lacedaemoniis,
623 1753 678 1814 sed
695 1759 727 1815 et
745 1752 895 1814 omnibus
910 1753 1038 1832 populis
1051 1753 1240 1834 praedixisse
1256 1757 1312 1838 (3).

189 1855 265 1931 Cio,
288 1859 388 1932 Orat,
408 1876 476 1937 cap.
494 1862 512 1920 9
534 1877 541 1918 ε
563 1892 600 1902 -
622 1856 682 1930 Qui
709 1857 751 1938 (4)
770 1856 796 1918 si
814 1856 899 1920 tenui
924 1876 1039 1938 genere
1054 1864 1212 1938 uteretur,
1230 1880 1315 1922 nnn-

149 1981 245 2044 qnam
259 1964 299 2025 ab
316 1963 524 2044 Aristophane
538 1947 632 2045 poeta
651 1965 784 2045 fulgere,
806 1973 926 2042 tonare,
949 1966 1141 2046 permiscere
1154 1968 1313 2031 Graeeiam

151 2072 256 2134 dictus
274 2078 355 2134 esset
371 2073 422 2152 (5).
1148 2095 1150 2098 ’
1321 2141 1324 2145 ,

190 2175 270 2258 Cic„
291 2177 423 2252 iterent,
438 2178 461 2247 1,
479 2195 549 2256 cap.
570 2180 608 2239 18
632 2195 639 2237 :
658 2178 768 2239 -Sed
785 2175 838 2238 hio
852 2177 892 2259 (6)
909 2176 1054 2258 quidem,
1075 2179 1223 2258 quamvis
1239 2199 1314 2247 ern-

149 2284 235 2346 ditus
248 2283 298 2356 sit,
316 2282 398 2344 sicut
413 2289 469 2358 est,
486 2285 556 2346 hoec
576 2284 727 2363 magistro
741 2286 898 2353 concedat
913 2283 1091 2359 Aristoteli;
1109 2303 1226 2350 canere
1245 2288 1313 2368 ipse

149 2392 273 2470 doceat.
291 2393 375 2453 Bene
393 2389 477 2452 enim
493 2390 546 2452 illo
561 2390 728 2470 proverbio
742 2393 926 2453 Graecorum
948 2392 1145 2472 praecipitur,
1224 2373 1227 2377 ⁴
1247 2374 1250 2379 ¹

275 2552 365 2620 Quom
376 2549 492 2623 quisque
504 2550 579 2604 norit
594 2556 694 2613 artem,
707 2548 736 2603 in
751 2548 801 2604 hae
814 2563 842 2603 se
854 2556 983 2605 exerceat
994 2549 1039 2622 (7).

192 2713 272 2786 Cic,
287 2713 324 2772 de
335 2711 417 2786 Fica,
431 2712 481 2787 ΙΙΙ,
499 2729 566 2790 cap.
586 2713 623 2771 Ι9
639 2729 645 2770 :
662 2743 702 2754 -
716 2708 933 2788 Quoniamque
946 2708 1001 2768 illa
1015 2726 1074 2770 vox
1088 2708 1265 2774 inhumana
1282 2720 1314 2776 et

151 2822 301 2883 scelerata
328 2818 453 2890 dieitur,
480 2834 602 2891 eornm,
625 2815 679 2895 qui
693 2822 807 2894 negant
822 2834 855 2877 se
871 2832 1028 2891 recusare,
1045 2817 1219 2895 quominus
1235 2817 1313 2897 ipsis

152 2928 296 3002 mortuis
328 2932 486 2988 terrarum
513 2922 657 2985 omnium
685 2921 866 3001 deflagratio
891 2928 1121 3001 consequatnr;
1139 2926 1228 3003 quod
1244 2925 1314 2985 rul-

150 3035 215 3116 gari
226 3037 365 3115 quodam
383 3051 475 3096 versu
491 3034 599 3092 Graeco
612 3029 808 3110 pronuntiari
824 3029 905 3092 solet
917 3029 971 3109 (8).

187 3272 224 3337 (1)
243 3270 280 3320 Cf.
296 3286 302 3319 :
320 3269 438 3324 «Μάντις
451 3267 474 3331 γ’
487 3265 595 3333 ἄριστος,
610 3267 678 3322 ὅστις
692 3265 781 3323 εἰκάζει
796 3266 885 3321 καλῶς.
902 3284 915 3308 ν
930 3263 1055 3315 Eundem.

184 3359 259 3406 Nota.
280 3354 356 3403 Multo
371 3352 479 3419 superins
493 3349 632 3416 proterendi
652 3359 722 3399 erant
742 3359 790 3399 tres
809 3349 844 3398 illi
861 3365 956 3412 versus,
980 3365 1040 3414 quos
1056 3348 1098 3398 hic
1111 3348 1223 3414 legimns.
1241 3348 1314 3410 Quod

152 3441 275 3491 interdum
293 3453 366 3505 opere
386 3438 412 3486 in
430 3437 501 3501 longo
513 3433 653 3493 erraverim,
669 3434 739 3483 venia
753 3433 815 3483 mihi
826 3433 982 3483 concedatur.
998 3432 1029 3484 V.
1045 3432 1072 3483 C,

185 3526 221 3591 (2)
238 3521 276 3572 Cf.
292 3522 353 3571 illud
367 3520 480 3572 Solonis:
493 3519 638 3586 «Γηράσκω
653 3518 674 3566 δ’
688 3518 734 3567 αἰεὶ
748 3519 824 3569 πολλὰ
836 3516 1041 3581 διδασκόμενος.»

185 3611 220 3675 (3)
237 3607 324 3657 Versus
337 3622 427 3672 graeeus
438 3614 474 3654 est
485 3624 490 3652 :
502 3625 514 3648 o
526 3605 549 3654 ‘A
563 3603 746 3669 φιλοχρηματία
757 3603 871 3669 Σπάρταν
883 3602 941 3662 ὀλεῖ,
954 3600 1012 3653 ἄλλο
1024 3600 1050 3650 δὲ
1060 3600 1156 3651 οὐδέν.»

185 3694 222 3760 (4)
240 3693 352 3742 Pericles.

194 3781 219 3844 5)
237 3778 292 3829 vid.
306 3774 431 3840 Aristoph.
448 3772 564 3838 (Aetam.
579 3773 655 3838 550):
668 3773 822 3838 ’'Horpcne',
834 3772 949 3838 ἐὸρόντα,
961 3770 1083 3828 ξυνεκύκα
1091 3772 1135 3830 τὴν
1145 3768 1259 3821 Ἐλλάδα.
1274 3791 1286 3814 ν

185 3867 221 3930 (6)
239 3864 405 3914 Aristoxenus.

212 3949 221 4012 )
239 3945 294 3995 vid.
310 3942 435 4008 Aristoph.
455 3942 568 4010 (Vesp.):
583 3962 595 3984 «ι
610 3941 698 4007 ‘'Epdor
709 3957 745 3995 τις
758 3936 787 3999 ἢν
799 3939 905 3994 ἕκαστος
919 3938 993 3997 εἰδείη
1004 3936 1100 4002 τέχνην.
1112 3957 1124 3979 ν

184 4032 221 4095 (8)
240 4027 337 4078 Graecus
350 4041 432 4075 versus
445 4023 486 4074 hic
499 4033 550 4074 est:

467 4164 479 4188 o
491 4141 570 4208 Ἐμοῦ
581 4141 704 4204 θανόντος,
718 4142 778 4205 γαῖα
793 4143 900 4207 μιχδήτω
910 4141 978 4207 πυρί.
988 4162 1000 4185 ν

469 4235 518 4273 Post
530 4236 635 4271 mortuum
645 4241 686 4278 me,
697 4233 779 4271 damma
788 4235 855 4271 terras
867 4231 960 4271 misceat.

182 4330 262 4392 Quum
274 4327 355 4378 critici
368 4340 446 4375 mores
458 4323 585 4375 duodecim
595 4324 715 4376 Caesarnm
729 4325 873 4391 quibusdam
886 4325 1012 4376 sententiis
1022 4323 1158 4389 exprimere
1171 4325 1312 4383 reiecerunt,
