2790 4770
529 363 730 428 -259-

94 509 170 587 Gap.
187 510 226 569 53
243 525 251 566 ε
266 537 307 550 -
320 505 384 568 Sed
396 501 509 567 demus
522 502 581 567 tibi
595 504 670 566 istas
684 502 763 564 duas
774 502 966 580 sumptiones,
987 517 1108 581 eaquae
1127 503 1209 583 Δήμ-

54 637 128 692 ματα
153 613 315 693 appellant
336 611 518 686 Dialectiei3
548 611 603 674 sed
618 629 677 673 nos
704 608 801 671 latine
828 606 915 688 loqui
942 609 1100 672 malumus
1128 630 1136 672 ε
1160 631 1211 674 or·

53 724 188 801 sumptio
202 725 318 795 tamen,
336 735 432 798 quam
441 716 600 799 [Iptaiqqn
614 718 714 781 iidem
727 722 852 792 vocant,
870 734 935 779 non
950 715 1089 780 dabitur.
1312 694 1318 705 ⁹

94 830 169 909 Cap.
184 830 225 890 nt
242 846 303 888 :-
315 827 386 887 Non
398 842 465 887 esse
480 831 587 888 autem
599 826 678 887 illud
694 842 824 888 carmen
839 825 984 900 furentis,
998 843 1097 904 quum
1104 825 1210 904 ipsum

55 951 172 1015 poema
184 933 327 996 declarat
347 930 408 1012 (est
421 932 507 994 enim
529 933 629 1013 magis
643 933 720 995 artis
740 937 772 994 et
788 931 973 1012 diligentia,
989 949 1085 1012 quam
1100 930 1212 995 inuita·

55 1040 154 1103 tionis
165 1046 198 1102 et
218 1039 346 1119 motus),
358 1045 428 1101 tum
439 1057 514 1101 rero
529 1056 576 1116 ea,
595 1058 667 1119 quae
686 1039 852 1120 Ἀκροστιχὶς
864 1057 963 1119 quum
979 1039 1108 1114 dicitur,
1122 1038 1213 1101 dein-

56 1164 132 1227 ceps
151 1145 312 1226 exprimis
326 1162 474 1207 rorsuum
491 1145 604 1208 litteris
618 1146 738 1227 aliquid
763 1146 975 1224 connectitur,
991 1152 1027 1208 ut
1039 1146 1072 1207 in
1084 1145 1215 1225 quihus·

56 1255 132 1316 dam
148 1252 311 1330 Ennianis,
332 1253 398 1329 «0.
414 1252 533 1315 Ennius
540 1252 656 1331 serit.»

94 1364 171 1442 Cap.
191 1365 228 1423 57
246 1361 546 1424 2-Demosthenes
560 1363 702 1441 quidem,
721 1363 776 1443 qui
791 1362 907 1427 abhinc
918 1382 1019 1427 annos
1029 1382 1130 1444 prope
1144 1365 1212 1428 CCC

56 1471 131 1546 tuit,
153 1471 220 1550 jam
238 1477 308 1532 tum
324 1469 497 1539 Φιλιππίζιιν
514 1469 660 1551 Pythiam
677 1470 805 1535 dicebat
819 1469 862 1551 (id
882 1477 940 1550 est,
957 1476 1045 1554 quari
1058 1491 1128 1535 orem
1142 1471 1217 1534 Ptr-

56 1576 143 1657 la'ppo
150 1575 280 1659 socero).

98 1685 175 1763 Gap.
190 1687 230 1746 60
253 1703 261 1745 :
285 1718 326 1731 -
391 1682 455 1747 h'ut
468 1685 554 1748 enim
569 1686 675 1748 dirina
688 1686 734 1747 ris
749 1686 909 1767 quaedam,
926 1687 1096 1749 consulens
1111 1688 1218 1764 nobis,

58 1792 261 1855 somniorum
289 1792 533 1873 significationes
552 1794 645 1870 tacit;
666 1800 720 1856 aut
736 1794 934 1874 conjectores
947 1812 988 1856 ex
1003 1793 1136 1874 quodam
1149 1813 1220 1857 eou-

60 1899 210 1962 rementia
223 1906 253 1962 et
264 1898 470 1980 conjonctione
482 1907 609 1978 notura,
626 1918 722 1981 quam
737 1901 910 1980 Συμπάθιιαν
923 1907 1048 1977 vocant,
1063 1901 1141 1982 quid
1154 1901 1222 1964 oui·

60 2025 124 2089 que
143 2007 189 2070 rei
215 2008 391 2086 conveniat,
419 2027 457 2071 ex
477 2009 620 2086 somniis,
638 2014 670 2072 et
696 2009 774 2088 quid
793 2025 953 2090 quamque
968 2026 1036 2072 rem
1053 2014 1217 2090 sequatur,

60 2115 285 2197 intelligunt...

102 2225 179 2305 Cap.
197 2227 237 2287 69
254 2244 261 2286 :
276 2257 318 2270 -
375 2225 452 2298 Quae
465 2229 512 2287 eat
525 2228 711 2288 continuatio
723 2225 954 2309 conjunctioque
966 2231 1084 2290 nutura
1098 2224 1219 2306 (quam,

59 2338 97 2396 ut
109 2332 191 2411 dixi,
203 2339 316 2397 vocant
329 2330 554 2415 inportunior)...

579 2638 616 2685 De
629 2637 702 2688 Fato·

100 2867 175 2947 cap.
194 2868 208 2926 t
241 2885 249 2925 ι
271 2896 310 2913 -
331 2864 412 2937 Quia
432 2861 570 2943 pertinet
581 2863 621 2923 ad
636 2880 741 2937 nureo,
757 2861 842 2942 quod
857 2850 942 2929 Ἧθος
960 2861 1006 2922 illi
1020 2866 1145 2938 rorant,
1158 2879 1217 2922 noa

58 2990 132 3037 eam
160 2976 282 3053 partem
307 2970 529 3050 philosophiae,
559 2970 599 3031 de
628 2968 771 3031 moribus
798 2969 956 3048 appellare
981 2970 1139 3042 solemus3
1161 2967 1217 3030 sed

59 3082 155 3143 decet
180 3085 350 3159 augentem
373 3078 515 3159 linguam
530 3076 660 3139 latinam
683 3077 850 3139 nominare
863 3076 1024 3138 'muntem
1047 3075 1216 3154 Explican-

59 3192 166 3270 daquo
178 3193 226 3250 uir
245 3193 292 3250 est
307 3192 443 3269 ratioque
451 3190 704 3261 enuntiationum,
721 3203 793 3264 quae
804 3185 905 3247 Graeei
918 3182 1068 3263 Ἀξιώματα
1079 3189 1214 3245 vocant:

58 3317 134 3380 quae
161 3299 200 3361 de
227 3315 261 3360 re
288 3297 392 3360 futura
410 3312 510 3375 quum
536 3292 656 3374 aliquid
674 3292 796 3368 dicunt,
821 3292 924 3370 deque
943 3306 993 3364 eo,
1018 3288 1104 3366 quod
1117 3287 1216 3366 possit

59 3405 130 3468 fleri
151 3410 206 3467 aut
236 3421 300 3465 non
322 3402 433 3481 possit,
463 3416 558 3479 quam
579 3398 642 3460 vim
663 3396 812 3473 habeant,
840 3394 975 3456 (obseura
999 3392 1133 3472 quaestio
1150 3400 1213 3469 est3

61 3532 162 3594 quam
176 3512 243 3592 Περὶ
255 3512 372 3570 δυνατῶν
385 3507 567 3588 philosophi
579 3506 758 3585 appellant;
773 3510 902 3584 totaque
916 3509 965 3565 est
977 3504 1105 3580 Λογικῆς,
1118 3519 1214 3581 quam
1272 3588 1278 3596 η

59 3644 77 3683 ι
93 3627 238 3683 rationem
250 3619 445 3683 disserendi»
463 3633 553 3679 voco,

98 3735 207 3814 Caph
231 3753 239 3795 :
255 3765 295 3780 -
309 3729 410 3804 Ouid?
426 3731 590 3792 Socratem
603 3742 708 3787 nonne
722 3725 858 3805 legimus
875 3724 1147 3803 quemadmodum
1162 3744 1216 3790 no·

60 3842 135 3903 tarit
167 3844 319 3921 Zopyrus,
337 3834 550 3917 ψυσωγνώμων,
571 3832 626 3914 qui
648 3850 681 3894 se
701 3832 911 3913 profitebatur
926 3832 1095 3894 hominum
1110 3851 1215 3898 morea

58 3958 252 4029 naturasque
267 3966 304 4011 ea
314 3964 461 4026 rorpore,
477 3944 589 4017 oculis,
606 3943 704 4016 vultu,
720 3941 823 4003 fronte
838 3941 1046 4020 pernoscere?

100 4056 174 4136 Cap.
192 4057 212 4116 6
229 4073 237 4115 :
252 4053 442 4127 -Etenim,
462 4053 489 4114 si
510 4055 558 4113 rst
580 4048 742 4122 diuinatio,
767 4047 988 4128 qualibusnam
1007 4067 1027 4109 a
1049 4046 1216 4128 praeceptis

61 4162 142 4223 artis
167 4159 398 4242 proficiscitur?
418 4160 576 4237 Praecepto
597 4155 736 4235 appello,
765 4173 837 4234 quaa
857 4155 1007 4218 dicuntur
1020 4156 1127 4218 Graece
1142 4157 1218 4216 ooo

135 4290 179 4330 w·

60 4265 177 4460 &Zp
191 4379 232 4441 10
248 4397 257 4440 :
276 4411 318 4424 -
344 4374 511 4440 Goneludit
524 4372 610 4437 enim
637 4371 830 4454 Chrysippus
852 4371 915 4434 hoo
929 4370 1026 4433 modo
1049 4387 1059 4433 ε
1086 4369 1150 4434 «si
1172 4377 1222 4436 est
