2806 4764
650 310 697 324 -
718 277 783 339 296
804 307 850 323 -

168 394 273 475 jungit
289 394 344 478 (t),
375 395 531 477 a'quibus
559 395 602 458 ita
617 396 772 476 copulatis
795 395 920 458 aurium
934 392 1108 468 fastidium,
1125 392 1235 468 oredo,
1252 353 1331 453 tunc

171 501 323 581 temporis
334 520 397 564 non
410 504 523 566 abluit.

210 610 330 671 Eadem
353 628 441 686 sane,
463 609 523 671 nisi
540 611 572 670 in
593 611 671 672 locis
686 611 910 690 interpretatis,
929 613 1044 673 trustra
1062 628 1119 689 per
1131 615 1181 673 tot
1194 615 1227 672 el
1241 614 1332 672 tanta

170 715 330 778 Ciceronis
357 732 452 793 opera
468 714 606 775 invenire
628 714 733 776 rollcs.
760 715 864 777 Sensit
879 723 910 777 et
929 717 996 794 ipse
1011 723 1166 796 quantum
1181 719 1330 796 quaedam

200 889 235 950 (1)
253 885 344 951 Nempe
358 884 444 934 Cicero
458 900 533 951 graece
544 884 661 950 loquitur,
676 902 726 935 non
737 886 809 935 modo
819 886 941 951 juncturis
952 887 1022 937 novis
1036 904 1100 946 usus,
1116 889 1158 937 sed
1172 891 1239 954 quod
1249 890 1332 955 pluri-

165 972 250 1023 busin
268 971 328 1021 locis
345 970 485 1020 inusitatam
500 970 699 1039 compositionem,
720 971 745 1021 id
763 982 808 1033 cst,
829 973 951 1033 Σύνθεσιν,
966 973 1073 1024 allectat.
1092 974 1154 1024 Nam
1170 991 1248 1041 saepe,
1270 976 1331 1024 darm
1382 1023 1386 1029 ,

166 1056 283 1108 Timarum
302 1057 490 1122 interpretatur,
506 1056 617 1105 ordinem
632 1055 751 1106 Platonici
765 1073 847 1106 sensns
861 1067 885 1108 et
900 1057 1016 1125 impetum
1031 1068 1098 1109 tanta
1112 1060 1229 1124 exprimit
1243 1062 1331 1110 indns·

166 1144 223 1204 tria,
239 1152 266 1192 ut
280 1142 306 1190 in
322 1141 374 1206 ejus
388 1139 485 1205 scriptis
496 1138 671 1190 Atheniensem
691 1142 770 1207 ipsum
784 1144 853 1209 quasi
867 1143 959 1210 spirare
970 1154 1048 1210 putes.
1064 1144 1121 1193 lude
1136 1143 1163 1193 sit
1176 1153 1213 1203 ut,
1227 1154 1330 1195 auctore

165 1227 209 1277 tali
223 1226 286 1286 uiro,
301 1224 368 1273 nulla
379 1224 430 1288 jam
447 1239 485 1272 ars
506 1223 588 1273 latinae
607 1224 693 1290 linguae
711 1227 781 1288 desit,
795 1244 844 1293 qua
857 1228 965 1278 membra
979 1228 1095 1278 orationis
1115 1245 1189 1294 quam
1203 1230 1330 1295 aptissime

165 1313 313 1379 copulentur
325 1325 354 1359 ac
368 1318 511 1374 congruant.
527 1308 624 1359 Etenim
636 1327 759 1362 sermones
772 1330 821 1363 non
836 1323 932 1364 tantum
943 1314 1067 1365 vocabulis
1076 1315 1154 1375 novis,
1166 1317 1208 1366 sed
1220 1315 1329 1366 maxime

166 1397 341 1447 sententiarum
355 1392 588 1443 conformationibus
600 1396 744 1462 amplificari
758 1399 853 1450 solent:
867 1409 940 1464 atque
954 1399 1031 1460 illud,
1047 1410 1075 1450 ut
1094 1401 1196 1466 opinor,
1214 1401 1328 1467 inprimis

166 1481 324 1533 tribuendum
339 1489 375 1528 est
389 1477 549 1543 scriptoribus
561 1478 658 1545 ingenio
673 1483 883 1547 praestantissimis,
896 1485 998 1549 quinon
1009 1484 1101 1535 habeut
1114 1486 1249 1551 quidquam
1261 1488 1328 1537 anti·
1347 1513 1350 1517 ·

165 1566 237 1631 quius
255 1581 328 1630 qnam
345 1572 373 1613 ut
393 1577 485 1612 summa
506 1562 645 1627 diligentia,
667 1566 726 1614 dum
743 1566 842 1616 difficile
860 1584 948 1617 munus
966 1568 1127 1634 interpretum
1147 1581 1326 1636 exsequuntur,

165 1648 240 1701 alieni
254 1649 372 1699 sermonis
380 1664 437 1714 opes
447 1648 473 1696 in
484 1663 535 1697 rem
546 1649 703 1699 domesticam
713 1651 870 1703 transierant.
881 1652 931 1703 Nec
944 1668 1000 1702 vero
1011 1653 1046 1702 illi
1057 1653 1161 1714 irritam,
1172 1664 1243 1720 puto,
1255 1654 1327 1720 operi

166 1736 314 1802 perficiendo
329 1736 388 1784 dant
404 1749 521 1798 operam:
532 1733 624 1800 quippe
641 1736 684 1800 qui
701 1737 762 1785 adeo
776 1736 929 1787 familiariter
948 1747 972 1787 et
986 1738 1061 1787 amice
1074 1753 1131 1788 cum
1149 1738 1208 1787 viris
1222 1741 1253 1788 ad
1268 1739 1325 1788 imi-

165 1821 268 1871 tandum
289 1819 387 1870 delectis
406 1817 528 1867 vixerint!
540 1847 571 1855 -
594 1819 630 1868 Ex
648 1820 737 1871 Timaeo
758 1822 789 1871 tt.
812 1822 886 1871 Tullii
903 1823 940 1886 (ut
956 1823 987 1872 ad
1005 1839 1056 1872 rem
1075 1824 1182 1887 redeam)
1197 1824 1267 1889 quasi
1288 1841 1328 1874 re·

167 1906 250 1957 dolere
261 1906 318 1972 ipse
332 1904 433 1954 Athenae
446 1902 567 1952 videntur.
583 1902 679 1954 Graecus
694 1906 734 1955 ille
744 1917 779 1957 est
794 1906 925 1967 interdum,
939 1907 958 1956 si
971 1907 1088 1958 vocabula
1102 1910 1221 1975 quiedam,
1238 1911 1258 1960 si
1274 1927 1328 1962 ora·
1353 1896 1356 1901 ’

166 1991 240 2041 tionis
251 1990 376 2049 circuitus,
390 1988 408 2036 si
419 1986 525 2051 denique
534 1987 657 2049 Σύνταξιν,
671 1989 696 2039 id
710 2000 754 2052 est,
766 1992 962 2040 constructionem
976 1993 1105 2042 examines.
1122 1993 1236 2049 Σύνταξιν
1250 1992 1326 2044 dico:

167 2091 216 2125 non
231 2075 296 2124 enim
310 2074 385 2124 dubia
397 2089 436 2122 res
450 2081 485 2121 est
497 2072 558 2137 quin
572 2074 689 2138 paulatim
702 2077 830 2127 immutata
840 2076 912 2127 suerit
921 2079 986 2143 apud
1003 2077 1089 2127 latinos
1102 2077 1232 2143 scriptores
1244 2095 1328 2130 rerum

167 2169 210 2210 aut
223 2169 306 2226 poetas
320 2159 449 2209 uerborum
464 2156 586 2207 ordinatio
598 2175 627 2209 ex
642 2176 691 2226 quo
701 2185 711 2202 ι
722 2171 791 2226 pater
805 2162 930 2222 liuidus»,

489 2257 508 2295 Μ
513 2256 573 2295 aeonll
588 2261 653 2300 tontis
663 2260 699 2308 uul
712 2270 753 2299 non
763 2261 862 2309 expaltnlt
871 2263 966 2308 haustus,

170 2342 302 2393 Homerum
317 2353 341 2393 et
356 2343 498 2410 Euripidem
510 2345 603 2395 studuit
617 2344 734 2393 aemulari.
750 2344 811 2394 Nam
824 2345 934 2411 quamvis
948 2344 1041 2395 diversa
1051 2344 1082 2395 sit
1096 2346 1225 2411 utriusque
1239 2346 1329 2413 linguae

170 2437 267 2490 natura,
291 2437 372 2477 tamen
392 2445 556 2494 saepenumero
570 2430 678 2479 camdem
692 2429 740 2478 illis
762 2445 812 2478 esse
832 2430 945 2486 Σύνταξιν
964 2430 1029 2479 inter
1048 2447 1131 2480 omnes
1150 2431 1332 2484 Grammaticos

171 2521 272 2561 constat.
283 2511 346 2562 Satis
356 2522 391 2562 est
400 2514 465 2563 enim
475 2515 630 2580 grammatica
640 2512 753 2580 quaelibet
762 2513 872 2562 evolvere
881 2514 965 2574 latina,
977 2524 1001 2564 et
1015 2514 1118 2579 singulas
1132 2525 1199 2564 recte
1212 2516 1330 2581 loquendi

171 2597 233 2660 leges
246 2596 356 2647 conserte
367 2598 449 2663 graecis
463 2599 564 2665 legibus,
580 2615 633 2664 qum
646 2614 716 2664 pares
730 2597 815 2646 iisdem
828 2599 981 2663 respondent,
998 2607 1025 2646 ut
1038 2597 1107 2647 facile
1117 2610 1243 2665 appareat,
1254 2617 1331 2667 ‹puam

171 2681 273 2730 mirifice
285 2682 350 2732 inter
363 2699 387 2732 se
400 2685 560 2734 consentiant.
576 2683 731 2749 Perspicuum
746 2692 781 2731 est
794 2682 852 2731 illud
867 2698 917 2730 non
931 2681 992 2732 sorte
1004 2683 1101 2732 fortuna
1116 2683 1177 2748 lieri,
1187 2686 1235 2734 ‘sed
1247 2687 1331 2753 rrrjtrs·

173 2781 221 2831 quc
241 2765 347 2814 auctoris
366 2764 503 2815 imitatione
518 2764 710 2832 prudentissimi.
730 2762 794 2822 Quid
812 2764 927 2829 exemplis
941 2769 1017 2815 utar?
1036 2765 1103 2814 bdco
1117 2777 1173 2816 sunt
1193 2768 1284 2827 multa,
1302 2778 1330 2818 ut

118 2849 121 2856 ’
177 2851 261 2900 omnia
279 2867 423 2900 enumerare
443 2851 541 2916 longum
565 2864 645 2914 neque
665 2848 826 2898 necessarium
840 2856 908 2896 esset.
925 2848 970 2898 llic
985 2865 1062 2914 pauca
1082 2852 1197 2916 proposui
1218 2851 1250 2900 de
1271 2871 1330 2902 con·

171 2937 308 2997 structione,
323 2952 375 3001 quae
386 2938 418 2986 ad
432 2937 510 2987 varias
521 2937 588 2987 verbi
600 2936 766 3002 usurpationes
778 2933 901 3000 pertinet:
915 2936 1064 2999 Βουλοίμην,
1077 2934 1108 2984 cf.
1123 2955 1135 2980 u
1146 2934 1221 2984 velim
1232 2959 1289 2987 ι.-
1303 2942 1331 2990 Et

173 3022 303 3087 δυναίμην,
320 3020 352 3069 cl.
368 3042 379 3065 u
390 3020 412 3068 si
424 3021 513 3090 possim
524 3043 544 3075 ιι,
556 3048 586 3058 -
596 3019 808 3084 Περιτελλομὲνων
830 3017 958 3075 ἐνιαυτῶν,
978 3017 1008 3067 ci.
1022 3038 1033 3062 ι
1050 3015 1172 3067 volvendis
1185 3020 1256 3069 urinis
1266 3046 1288 3072 ».
1299 3050 1332 3060 -

174 3109 272 3158 tteteoo
287 3124 316 3156 σε
331 3107 437 3172 dudleia,
452 3105 486 3156 cl.
498 3127 510 3151 u
517 3103 592 3174 jubeo
605 3115 627 3152 te
641 3102 718 3172 fidet-e
730 3125 752 3150 u.
764 3131 795 3140 -
806 3103 934 3153 Διδάσκειν
947 3103 1002 3151 τινά
1013 3121 1046 3167 τι,
1062 3102 1093 3152 cf.
1105 3125 1116 3147 u
1128 3101 1214 3152 docere
1227 3104 1332 3176 aliquem

174 3188 305 3259 aliquod»,
320 3199 368 3238 etc.
390 3189 450 3251 (rid.
467 3190 495 3238 Ε.
511 3190 595 3254 Egger.
616 3187 725 3237 Gramm.
741 3204 821 3252 comp.
842 3187 880 3248 ed.
903 3189 975 3247 1853,
993 3203 1020 3253 p.
1041 3190 1071 3237 64
1091 3198 1116 3237 et
1133 3192 1209 3255 sqq.).
1225 3189 1330 3242 Videt.

174 3275 282 3326 Macrob.
298 3271 338 3337 (de
351 3271 444 3337 Differ.
461 3283 484 3321 ct
495 3273 575 3324 societ.
592 3273 665 3340 graeci
678 3271 792 3339 latinique
807 3269 881 3336 uerbi)
898 3271 963 3336 apud
977 3286 1050 3336 quem
1059 3271 1110 3321 haee
1119 3273 1233 3338 leguntur
1245 3293 1250 3323 :
1264 3298 1277 3317 ι
1288 3277 1333 3325 La·

174 3361 220 3411 tini
228 3358 354 3423 Graecique
365 3358 474 3407 eamdem
487 3373 555 3423 paene
568 3373 624 3406 cum
638 3356 732 3406 casibus
746 3355 940 3404 constitutionem
953 3364 1057 3414 serrant,
1072 3366 1099 3406 ut
1110 3372 1116 3406 :
1128 3357 1241 3406 misereor
1254 3358 1331 3424 illius,

175 3462 249 3515 pareo
264 3441 309 3500 illi,
326 3459 430 3490 ceneror
443 3439 510 3490 illurn
521 3461 530 3490 .·
542 3443 661 3509 φροντίζω
675 3439 757 3499 τοῖνδε,
771 3440 885 3504 πείθομαι
899 3441 971 3503 τῷδε,
982 3441 1042 3504 φιλῶ
1054 3441 1133 3494 τόνδε,
1146 3463 1192 3487 ι-
1202 3443 1233 3493 Et
1248 3444 1312 3495 inira
1325 3463 1330 3496 ι

177 3551 190 3575 u
207 3530 269 3578 Sunt
283 3526 453 3593 impersonalia
468 3525 556 3576 Graecis
571 3526 711 3590 Latinisque
725 3524 894 3577 communia...
913 3528 986 3573 Decet
998 3543 1044 3587 me,
1061 3536 1092 3586 tc,
1108 3523 1186 3587 illunc,
1201 3545 1252 3586 nos,
1277 3549 1333 3592 oos,

177 3636 189 3661 u
205 3612 268 3667 illos.
283 3610 443 3676 impersonale
454 3619 499 3661 est.
513 3609 559 3660 Sed
573 3619 597 3659 et
610 3609 687 3660 Greci
699 3609 746 3658 hoc
760 3609 834 3659 verbo
848 3609 959 3659 similiter
971 3619 1083 3670 utuntur,
1097 3612 1184 3676 πρέπει
1202 3613 1268 3674 ἐμοὶ,
1281 3616 1331 3678 σοὶ,

176 3723 188 3744 u
205 3699 299 3760 ἐκείνῳ,
310 3697 376 3756 ἡμῖν,
389 3697 454 3760 ὑμῖν,
468 3695 570 3751 ἐκείνοις
573 3730 620 3745 .....
635 3692 718 3760 Placet
732 3692 788 3741 milti
797 3692 876 3752 lectio,
893 3693 993 3742 verbum
1007 3704 1059 3755 est;
1075 3693 1159 3743 Placet
1168 3693 1224 3743 milri
1238 3695 1330 3762 legere,

177 3807 189 3830 u
205 3782 364 3849 impersonale
379 3791 421 3830 cst.
441 3781 511 3830 itaet
524 3780 588 3846 apud
602 3779 705 3838 Graecos,
719 3781 818 3844 ἀρέσκει
837 3783 903 3841 poti
920 3778 1066 3843 ἀνάγνωσις,
1083 3780 1113 3827 ad
1127 3795 1255 3845 personam
1269 3783 1333 3831 rela-

176 3893 187 3914 «
205 3879 257 3919 tum
270 3878 303 3916 est
315 3885 319 3914 :
331 3867 431 3933 ἀρέσκει
446 3883 487 3929 μοι
500 3865 697 3928 ἀναγιγνώσκειν,
710 3865 869 3930 impersonale
880 3874 924 3913 est.
985 3866 1139 3924 Fortinum,
1151 3865 1198 3913 hoc
1209 3876 1252 3930 cst,
1265 3869 1332 3933 qtrod

170 3961 187 4001 'u
203 3954 268 4020 apud
283 3944 337 4001 illos
353 3952 482 4016 μεταμέλει
496 3968 568 4012 μοι...
581 3950 664 3998 »-tte
678 3950 757 4014 plura,
775 3950 860 3999 Cicero
875 3949 947 3998 Ennii
962 3959 1152 4015 caeterorumque
1167 3951 1332 4017 interpretum

173 4039 278 4103 vestigiis
298 4037 424 4100 ingressus,
441 4033 521 4083 decori
538 4033 602 4083 avito
617 4050 665 4082 nou
679 4033 756 4083 deluit
771 4035 847 4098 :quin
862 4035 943 4091 etiarn,
959 4032 1041 4083 Graeca
1059 4035 1207 4101 exemplaria
1223 4045 1331 4096 secutus,

171 4126 206 4176 ita
221 4121 366 4187 locupletem
380 4119 451 4168 simul
465 4127 489 4168 et
503 4119 589 4169 ordine
603 4118 684 4168 lucido
697 4120 814 4169 illustrem
829 4119 936 4168 reddidit
948 4118 1064 4183 linguam,
1080 4128 1107 4168 ut
1121 4135 1182 4185 opus
1196 4120 1332 4187 pericolum

171 4210 342 4276 expletumque
356 4203 468 4253 omnibns
480 4203 528 4251 suis
548 4203 655 4252 numeris
671 4205 807 4269 posteritati
826 4203 963 4254 tradiderit.
981 4202 1037 4252 Mox
1058 4213 1148 4263 autem,
1163 4215 1217 4270 post
1232 4205 1333 4257 Cosanis

170 4284 270 4358 Augusti
289 4289 468 4356 principatum,
485 4287 581 4336 labente
599 4287 687 4337 sensim
701 4288 846 4354 intelligenti
861 4289 996 4338 litterarum
1009 4287 1113 4352 judicio,
1126 4288 1177 4352 jam
1196 4305 1245 4339 non
1264 4293 1332 4342 stetit
