2790 4770
582 624 739 706 CAPUT
767 625 813 708 lt.
899 704 905 717 ,

124 897 268 952 QUOIIOIIO
284 898 419 944 VETERES
437 897 550 956 POII'I'AE,
565 896 684 944 GIIAEGOS
700 892 947 941 IN‘I'IIRPRE‘I'AIIDO
961 892 1021 939 AU‘I'
1037 890 1193 950 lIdl'I'AIIDO,
1214 889 1283 936 SER-

164 1000 272 1046 IIONEII
298 1002 432 1047 LATINUM
454 1002 567 1048 DI'IAIIE
590 1003 812 1050 depraventur.
836 1017 876 1031 -·
901 1001 940 1045 DII
964 994 1126 1045 vauaouutt
1143 997 1233 1042 IN'I'IIII
1251 997 1286 1042 SE

166 1107 428 1155 COPULATIONIBUS.

166 1282 300 1342 Poeseos
311 1281 524 1342 annalesmihi
540 1281 688 1342 ridentur
706 1279 839 1364 aprima
852 1279 975 1359 origiue
987 1279 1163 1358 repetendi,
1175 1283 1211 1340 ut
1222 1279 1286 1339 siu-

122 1388 198 1468 gula
213 1388 279 1467 ejus
300 1388 508 1465 incrementa,
526 1407 589 1468 qua
609 1389 733 1450 ratione
747 1386 869 1450 seilicet
883 1406 900 1448 e
915 1387 1081 1450 cunabulis
1098 1387 1281 1461 adoleverit,

122 1501 158 1558 et
181 1496 255 1558 inde
283 1498 321 1558 ad
339 1497 462 1559 virilem
472 1499 653 1577 pervenerit
674 1504 811 1574 aetatem,
839 1497 1017 1575 comperire
1034 1503 1196 1559 annotare
1211 1514 1284 1574 pos-

123 1604 235 1667 simus.
260 1607 411 1667 Veterum
432 1607 528 1684 igitur
547 1612 714 1685 poetarum
734 1605 884 1684 reliquias
907 1604 948 1684 (l)
967 1622 1221 1682 percenseamus,
1239 1605 1286 1664 iu-

123 1709 301 1790 primisque
315 1712 463 1790 locaquae
479 1729 496 1773 e
511 1714 628 1774 Graecis
642 1713 737 1774 fuisse
747 1713 897 1774 translata
909 1712 1114 1790 perspicuum
1128 1715 1182 1771 est.
1201 1708 1283 1770 Nihil

123 1821 167 1881 de
186 1820 297 1882 Plauto
322 1839 358 1881 ac
387 1821 536 1882 Terentio
562 1821 617 1902 (I),
637 1821 714 1884 licet
738 1822 879 1900 primum
896 1818 1051 1881 sermonis
1074 1819 1227 1898 elegantia
1239 1823 1286 1879 te-

122 1933 221 1989 neant
231 1928 388 2004 ordinem,
401 1929 554 1990 disseram
571 1948 578 1991 :
598 1929 717 2008 quippe
730 1929 785 2007 qui
794 1928 965 1990 comoedias
979 1933 1102 1990 tautum
1117 1929 1284 2008 scripsere,

122 2051 183 2096 nec
209 2051 319 2096 eorum
348 2035 474 2097 dicendi
495 2051 595 2115 genus
624 2035 741 2096 imitari
769 2037 873 2114 potuit
901 2036 1021 2109 Cicero,
1045 2036 1138 2115 eujus
1160 2053 1287 2097 musaa

125 2143 245 2204 Graecis
266 2143 500 2222 exemplaribus
524 2145 679 2221 pendens,
711 2144 871 2222 certisque
886 2144 1010 2205 addicta
1037 2143 1195 2222 prosodiae
1209 2144 1287 2224 legi-

124 2249 207 2324 bus,
229 2255 267 2311 ut
289 2251 464 2311 Homerum
492 2255 523 2311 et
548 2252 681 2312 Aratum
696 2250 880 2311 hexametro
908 2267 1011 2325 versu,
1037 2251 1081 2311 ita
1096 2254 1205 2330 poetas
1220 2256 1285 2312 tra·
1324 2319 1325 2322 Ἴ

121 2361 212 2440 gicos
238 2359 377 2422 iambico
406 2359 542 2421 fideliter
569 2359 747 2437 exprimere
773 2359 919 2434 tentavit3
936 2358 969 2420 iu
984 2360 1046 2423 hoc
1061 2361 1196 2439 majores
1210 2378 1284 2423 suos

70 2547 78 2556 Ι
120 2474 263 2543 secutus,
294 2468 394 2546 quiet
415 2466 474 2545 ipsi
497 2483 581 2544 saepe
600 2467 756 2528 serviliter
784 2469 967 2529 Graecorum
995 2466 1133 2548 vestigiis
1160 2468 1285 2530 instite-

120 2581 210 2650 runt,
228 2577 369 2653 dumque
398 2574 532 2636 verbum
553 2574 654 2636 verbo
683 2577 816 2637 reddere
839 2580 997 2649 curarent,
1013 2577 1069 2637 fidi
1081 2577 1282 2655 interpretes,

120 2683 233 2763 patriis
257 2682 381 2761 opibus,
397 2702 469 2761 quae
485 2683 627 2762 primum
640 2684 724 2745 haud
741 2684 784 2746 ita
799 2701 921 2764 maguae
936 2690 1050 2761 esseut,
1071 2688 1283 2766 amplificatis,

120 2797 369 2853 mouumentum
395 2809 527 2870 exegere
551 2811 613 2853 non
638 2795 717 2853 adeo
740 2791 935 2871 impolitum,
954 2794 1043 2855 ulad
1058 2813 1215 2857 summam
1229 2815 1284 2858 ne-

119 2896 229 2974 quiret
255 2896 371 2956 adduci
392 2896 631 2975 perlectionem.
659 2899 742 2968 Quos
772 2917 882 2962 omues
906 2901 984 2962 tanti
1010 2902 1186 2964 aestimabat
1213 2906 1286 2965 Tul·

119 3003 195 3077 lius,
220 3010 256 3064 ut
266 3004 412 3082 quaedam
427 3021 538 3065 eorum
562 3022 659 3083 opera
673 3024 747 3067 cum
764 3007 900 3086 Myronis
914 3012 968 3068 aut
981 3007 1099 3068 Daedali
1118 3007 1230 3070 statuis
1243 3007 1286 3089 (3)

119 3111 267 3172 conferre
282 3129 346 3171 non
361 3111 563 3174 dubitaverit.

162 3220 288 3283 Primus
303 3228 376 3284 ante
391 3223 481 3299 alios,
496 3227 608 3302 utpote
621 3229 699 3284 natu
722 3223 890 3297 maximus,
907 3223 1027 3284 eminet
1039 3223 1145 3285 Livius
1160 3223 1284 3284 Audro-

155 3543 192 3608 (l)
211 3540 311 3591 Librum
319 3543 361 3608 qui
372 3542 514 3593 inscribitur
530 3562 534 3592 :
547 3565 559 3588 α
569 3543 651 3593 Latini
658 3543 919 3594 sermonisvetustioris
932 3543 1042 3610 reliquiae
1052 3544 1152 3603 selectae,
1163 3529 1284 3594 »auctore

117 3628 152 3678 Ε.
169 3628 255 3692 Egger,
271 3627 425 3694 maximeque
438 3629 574 3678 recentiora
589 3629 765 3678 Germanorum
779 3645 852 3694 opera
865 3628 959 3679 utiliter
971 3628 1081 3679 adhibui.

154 3714 193 3778 (2)
212 3712 328 3762 Videbam
353 3714 435 3773 etiam,
453 3714 534 3781 iuquit
547 3714 576 3764 L.
592 3714 721 3764 Muellerus
735 3714 761 3763 in
775 3715 838 3764 libro
852 3715 882 3764 de
896 3713 931 3764 Re
943 3714 1054 3774 metrica,
1069 3723 1123 3780 post
1140 3714 1283 3763 clarissimas

113 3797 241 3848 Friderici
260 3797 388 3848 Ilitschelii
402 3815 472 3849 curas
492 3801 613 3865 permulta
632 3799 658 3847 in
677 3800 724 3849 illis
742 3815 864 3865 superesse
886 3799 960 3848 dubia
978 3809 1025 3850 etc.
1042 3782 1190 3867 (apooiptou,
1204 3816 1229 3865 p.
1247 3801 1282 3861 c).

113 3886 210 3935 -Non
219 3886 303 3937 eadem
316 3886 378 3936 mihi
392 3903 433 3936 eos
442 3887 571 3938 omittendi
583 3904 664 3948 causa,
677 3888 719 3954 qui
730 3887 872 3937 Ciceronem
883 3888 1005 3955 praecipue
1017 3889 1131 3954 respicio,
1147 3906 1191 3938 nec
1200 3888 1225 3937 in
1234 3898 1284 3938 stu·

112 3973 189 4024 dium
209 3971 290 4021 Plauti
307 3981 357 4021 tam
367 3973 465 4039 longum
479 3983 504 4022 et
516 3972 629 4036 difficile,
654 3983 681 4022 ut
696 3974 768 4023 unius
777 3973 907 4023 voluminis
920 3973 1020 4023 modum
1035 3975 1169 4032 excederet,
1188 3974 1282 4023 incum-

112 4058 177 4106 bere
190 4056 266 4106 volui.
283 4056 401 4122 Digressio
412 4059 457 4108 ista
471 4058 548 4108 multo
557 4058 661 4125 amplior
672 4075 700 4108 ac
712 4059 857 4125 locupletior
869 4059 921 4124 ipso
931 4068 1072 4123 argumento
1086 4057 1176 4108 fuisset.

155 4141 193 4204 (3)
213 4141 264 4191 Cic.
278 4145 373 4205 Brutus,
387 4143 471 4194 XVIII.
