2790 4770
658 418 855 482 -130-

176 554 332 619 inusitatis
356 554 452 618 latine
484 556 580 636 loqui.
610 557 674 617 Aut
700 559 778 618 euim
798 559 977 616 nocuerant
1001 569 1105 614 rerum
1125 568 1272 612 novarum
1285 549 1336 630 sa·
1376 616 1387 635 ι

175 665 285 727 cienda
304 669 426 726 nomina
439 670 494 724 act
511 665 725 743 transferenda
743 666 798 748 (l).
1272 742 1276 748 ‚

215 774 355 836 Primum
367 793 438 855 quae
453 793 533 837 nova
545 776 708 854 vocabula,
723 778 873 858 quaesiui
892 778 1052 848 translata,
1070 775 1132 838 erit
1145 774 1331 837 videndum.

173 880 337 958 Supererit
351 885 387 941 ut
400 883 567 943 ostendam
579 888 732 963 quantum
761 883 844 946 inter
858 885 940 946 hanc
953 883 1130 945 Tullianam
1153 883 1334 946 orationem
1381 925 1386 933 -

174 1007 258 1069 saepe
283 1008 392 1070 vagam
413 989 642 1071 incertamque,
666 997 698 1053 et
720 992 861 1073 linguam
885 992 919 1052 in
940 1009 999 1052 usu
1026 990 1111 1070 apud
1137 988 1334 1052 recentiores

172 1093 381 1176 philosophos
405 1101 471 1160 tam
508 1096 634 1160 brevem
661 1103 693 1160 et
721 1079 863 1177 pressam
891 1095 1027 1158 intersit.
1060 1098 1163 1169 Ouum
1192 1098 1333 1177 denique

171 1219 271 1282 pauca
294 1202 496 1265 disseruerim
522 1204 562 1267 ad
584 1205 616 1266 id
645 1206 910 1284 perpendendum
940 1223 1018 1266 num
1040 1206 1103 1267 alia
1126 1205 1169 1269 sit
1191 1207 1332 1269 elocutio

170 1307 315 1371 Ciceroni
326 1328 408 1387 suas,
425 1311 486 1372 alia
502 1311 642 1375 Platonis
658 1317 713 1374 aut
727 1317 920 1375 caeterorum
937 1311 1109 1375 sententias
1125 1313 1329 1393 exprimenti,

169 1431 241 1494 quae
264 1414 327 1477 sint
352 1414 384 1475 in
405 1415 620 1496 interpretatis
642 1413 721 1476 locis
736 1416 902 1497 utriusque
921 1415 1077 1478 sermonis
1097 1433 1170 1478 vere
1185 1415 1329 1496 propria,

168 1538 248 1599 opus
262 1523 392 1584 tandem
406 1521 565 1585 absolvam
579 1520 811 1585 considerando
827 1520 936 1602 quanti
952 1519 1050 1584 fuerit
1067 1523 1106 1583 ad
1121 1522 1283 1602 augendas
1298 1526 1332 1583 et

167 1626 405 1707 amplificandas
428 1629 604 1693 litterarum
629 1649 706 1710 opes
724 1631 879 1693 momenti
902 1631 970 1692 vira
992 1629 1180 1710 spiransque
1194 1628 1331 1690 transla-

166 1735 224 1798 tio,
239 1734 300 1798 Sed
325 1742 397 1799 ante
416 1738 523 1799 omnia
546 1756 674 1802 necesse
696 1743 743 1800 est
762 1743 798 1800 ut
815 1737 877 1800 loci
899 1755 918 1798 a
939 1736 982 1799 M.
1000 1737 1036 1797 T.
1053 1734 1205 1798 Cicerone
1229 1735 1331 1797 inter·

166 1844 280 1922 prelati
295 1845 421 1908 lectoris
436 1846 536 1908 oculis
549 1845 775 1926 subjiciantur.
991 1852 994 1859 '

197 2121 233 2186 (l)
250 2119 306 2175 Vid.
322 2120 354 2172 de
367 2125 445 2182 Orat„
458 2121 500 2182 111,
516 2124 565 2172 27:
583 2145 596 2165 «
607 2120 709 2172 Utemnr
723 2118 803 2171 verbis
816 2108 866 2170 *aul
886 2118 932 2185 eis,
945 2135 1000 2185 qua
1018 2117 1117 2187 propria
1136 2129 1193 2171 sunt
1210 2129 1236 2171 et
1255 2120 1326 2188 quasi

165 2215 232 2257 certa
244 2207 313 2273 quasi
325 2207 443 2258 vocabula
454 2224 544 2271 rernm,
557 2224 625 2274 pene
638 2224 688 2258 una
701 2218 759 2258 nata
778 2224 835 2258 cum
855 2208 928 2258 rebus
940 2207 1010 2275 ipsis3
1026 2218 1069 2260 aut
1090 2209 1137 2271 eis,
1154 2227 1206 2280 qua
1224 2211 1327 2277 transfe-

165 2301 249 2340 runtur
262 2302 285 2340 et
296 2294 364 2362 quasi
377 2293 457 2344 alieno
476 2295 501 2344 in
514 2293 568 2344 loco
587 2291 752 2353 collocaram&
770 2303 814 2344 aut
833 2293 878 2354 eis,
889 2310 943 2360 quaa
955 2310 1072 2345 novamus
1088 2304 1114 2346 et
1132 2294 1234 2346 tammus
1246 2294 1302 2364 ipsi.
1313 2321 1326 2342 ι.

111 2368 112 2371 “
167 2398 198 2414 ··
212 2376 271 2440 Quae
284 2393 356 2430 causa
369 2379 400 2431 sit
411 2380 582 2439 transferendi,
598 2377 709 2447 exposuit
724 2378 788 2440 eie„
801 2377 832 2427 de
842 2383 924 2438 Orat..
940 2378 985 2441 ΙΙΙ,
998 2383 1040 2432 38.
