2790 4770
597 306 776 372 ..44-

148 443 325 508 Elimiaore
338 446 459 529 (exire).

152 552 324 618 Sublimem
340 554 382 638 (l)
398 557 561 636 (extollere
576 557 609 619 in
623 556 745 636 altum).

151 661 192 725 At
207 663 361 728 fecundus
375 665 487 729 artifex
502 666 591 747 quasi
607 665 764 746 tragicum
784 663 946 744 Euripidis
966 663 1001 725 in
1020 663 1192 728 scribendo
1213 683 1269 729 cc·

108 769 211 834 lorem
226 773 306 837 mire
321 776 465 852 servavit,
481 775 668 839 utilissimus
683 791 758 836 sane
782 772 830 835 'eis
856 790 936 852 quos
959 771 1101 835 muneris
1122 774 1268 854 ejusdem

112 879 305 962 suscipiendi
320 883 438 962 cupido
453 888 592 962 caperet.
607 881 720 943 Vide’n
735 901 741 943 :
759 881 858 952 Quam
876 881 1028 959 praeolare
1042 880 1155 964 incipit
1177 881 1271 950 Euri-

112 985 195 1064 pidis
209 990 342 1051 aemulus
354 994 360 1052 l
377 1007 473 1069 quam
487 989 658 1052 commoda
671 988 774 1051 varios
788 987 914 1068 periodi
929 989 1068 1052 ambitus
1089 988 1269 1054 imitatione

111 1095 332 1174 consequiturl
345 1097 445 1168 Quam
455 1095 548 1160 facile
556 1098 706 1158 eumdem
720 1094 817 1159 habet
827 1101 973 1159 tenorem
983 1097 1016 1158 in
1028 1098 1270 1162 continuatione

51 1280 62 1298 ,
112 1201 293 1281 verborum,
321 1222 418 1284 quam
435 1209 543 1268 tamen
565 1206 709 1269 articulis
727 1205 952 1285 membrisque.
971 1205 1157 1270 distinctam
1180 1208 1271 1271 vide-

113 1315 201 1374 musl
217 1314 286 1374 Non
302 1311 450 1394 equidem
464 1314 576 1394 ignoro
592 1315 735 1379 nondum
749 1331 816 1376 esse
835 1313 909 1378 satis
927 1315 966 1376 ad
982 1333 1097 1379 sonum
1112 1317 1270 1397 exquisita

111 1421 277 1500 vocabula,
294 1423 320 1486 si
334 1424 449 1488 Graecis
473 1423 553 1487 adeo
569 1424 695 1487 lenibus
713 1428 951 1503 comparentur3
972 1442 1037 1487 non
1052 1422 1164 1507 ignoro
1179 1444 1270 1508 quae·

110 1529 246 1591 rendum
256 1547 324 1594 csse
336 1531 456 1612 aliquid
467 1532 650 1612 perfectius.
661 1533 721 1594 Sed
732 1549 847 1612 magno
855 1528 988 1608 honore,
1003 1538 1038 1596 ut
1048 1532 1131 1597 inter
1142 1535 1270 1614 priscos

111 1635 310 1719 incultosque
324 1639 479 1716 homines,
498 1644 640 1703 versatur
655 1639 807 1704 Enniana
829 1641 933 1720 poesis
948 1642 1129 1723 antiquitas.
1152 1644 1270 1708 Nescio

111 1760 151 1806 an
165 1746 279 1809 melius
291 1747 436 1811 cessisset
455 1747 598 1811 Ciceroni
613 1748 719 1811 aliisve
740 1749 889 1813 Varronis
907 1748 1083 1830 aequalibus
1107 1729 1269 1830 iuterpre-

31 1925 35 1933 ,
109 1853 188 1917 tatio
201 1856 298 1937 hujus
312 1856 433 1938 exordii
448 1874 456 1918 :
470 1853 518 1915 εἴθ’
529 1852 609 1938 ὤφελ’
621 1852 770 1935 lippos...
786 1854 819 1917 Si
837 1854 968 1934 quidem
989 1855 1022 1916 in
1036 1857 1270 1921 transferendis

108 1963 325 2028 locutionibus
346 1983 506 2028 summam
530 1965 673 2046 requiras
702 1964 924 2043 sedulitatem,
949 1966 1144 2030 desiderabis
1163 1969 1234 2032 haec
1260 1989 1269 2034 ε

114 2089 129 2130 u
141 2071 255 2143 κυανέας
268 2072 509 2154 Συμπληγάδας»,
527 2079 559 2137 et
570 2071 626 2136 illa
640 2092 647 2136 :
667 2095 683 2134 u
697 2074 845 2155 ἕρετμῶσαι
861 2071 983 2154 χέρας»,
1000 2072 1062 2135 alia
1077 2077 1184 2138 autem
1198 2075 1271 2140 sine

110 2199 170 2244 usu
188 2183 285 2245 luisse
305 2182 414 2247 addita
437 2182 604 2264 intelliges.
626 2186 667 2246 At
688 2201 795 2245 rursus
819 2180 920 2246 oratio
943 2184 1106 2246 modulate
1130 2184 1269 2264 incedit,

110 2287 254 2371 nihilque
269 2292 428 2356 omittitur
442 2292 527 2373 quod
551 2291 592 2354 ad
607 2291 735 2370 planam
754 2288 852 2354 totius
870 2290 1037 2354 sententiae
1052 2292 1270 2373 comprehen-

111 2397 234 2462 sionem
252 2399 420 2481 pertineat.
438 2404 543 2482 Atque
556 2401 652 2481 paulo
677 2400 820 2479 inferius,
838 2398 908 2482 quis
931 2402 1070 2468 exactius
1083 2402 1142 2467 hos
1161 2403 1271 2468 reddi-

111 2506 209 2573 disset
222 2507 387 2572 iambeos?

327 2709 409 2797 lice
429 2729 531 2823 ἵμερος
547 2732 577 2822 μ’
591 2726 706 2802 ὑπῆλθε
720 2737 796 2823 pira
808 2732 946 2816 τούρκνῷ

322 2849 409 2937 λέξαι
425 2855 560 2951 μολοόοᾊ
580 2846 669 2947 δεῦρο
689 2846 852 2933 δεσποίνης
870 2856 978 2948 τύχας.

110 3085 192 3159 Quid
212 3102 287 3148 vero
302 3085 393 3167 plura
413 3081 593 3163 proferam?
615 3081 806 3147 Productior
829 3099 903 3146 sane
928 3100 988 3146 neo
1006 3083 1110 3163 aptior
1130 3086 1168 3147 ad
1196 3102 1268 3148 rem

110 3193 308 3276 propositam
321 3192 393 3257 talis
407 3191 641 3254 existimaretur
656 3187 824 3252 enarratio.

149 3303 269 3376 Ennius
292 3302 389 3383 igitur
408 3301 442 3363 in
464 3300 647 3362 uuiversum
669 3298 836 3362 aestimanti
861 3297 1007 3362 licentius
1025 3299 1209 3381 Euripidem
1232 3301 1268 3364 in

109 3413 258 3480 Latinum
272 3414 410 3477 eGraeco
425 3410 592 3487 convertit,
608 3409 641 3492 id
656 3417 754 3471 unum
769 3410 955 3489 pervincere
978 3416 1110 3474 conatus
1135 3417 1171 3475 ut
1190 3414 1268 3475 imi-

110 3526 209 3601 tando
223 3521 335 3604 tragici
350 3525 453 3603 poetae
475 3519 604 3583 dicendi
618 3537 718 3600 genus
733 3518 952 3598 oratoriasque
968 3519 1099 3583 virtutes
1116 3538 1268 3602 assequa-

109 3637 176 3706 tur:
192 3631 227 3694 in
243 3632 306 3694 hoc
320 3628 464 3709 proiecto
480 3645 545 3688 non
562 3626 793 3707 posterioribus
806 3624 938 3689 inutilis.

149 3739 228 3802 Inde
241 3739 327 3800 litut
343 3737 406 3798 duo
420 3735 603 3797 Graecorum
626 3734 825 3814 interpretes,
847 3737 913 3797 arte
936 3732 1106 3796 dissimiles
1128 3739 1160 3797 et
1178 3735 1269 3816 inge-

111 3848 177 3926 nio,
193 3844 337 3910 Ciceroni
350 3845 467 3907 bonam
481 3841 632 3906 facilioris
651 3857 736 3905 curae
756 3859 847 3922 spem
861 3841 1069 3906 ostenderint.
1094 3843 1152 3905 llio
1166 3845 1267 3924 paulo

109 3955 263 4024 vetustior
276 3957 309 4018 et
319 3952 478 4016 horridior
491 3950 525 4013 id
539 3950 666 4015 ridetur
685 3951 844 4015 studuisse
858 3955 894 4014 ut
912 3969 971 4033 pro
985 3950 1102 4016 viribus
1120 3951 1184 4016 suis
1199 3973 1267 4019 ver-

142 4273 179 4344 (1)
195 4271 259 4326 Non.
271 4270 346 4326 Here.
359 4287 379 4324 s.
392 4286 418 4321 v.
430 4267 561 4322 sublimare
570 4266 652 4334 (Auel.
667 4266 720 4319 but.
735 4264 806 4331 Liug.
820 4266 847 4317 iu
858 4282 936 4319 unum
944 4267 997 4318 red.
1008 4283 1105 4337 corpus.
1117 4268 1189 4323 ilion.
1199 4270 1265 4326 God.

108 4379 136 4432 p.
149 4360 217 4427 tbi).
