2790 4770
588 447 632 460 -
660 412 787 476 ron-
888 395 890 399 ’

220 555 300 633 Ᾰλλ’
320 568 373 634 οὐκ
389 549 512 659 Ηνιόχῳ
534 547 641 660 Ιῗριφοι
660 555 727 634 οὐδ’
749 552 862 641 Ωλενίη
882 558 941 644 Αἲξ
1028 606 1032 611 -

113 689 178 758 680
223 689 307 769 εὐθὺς
326 690 534 784 ἀπέρχονται·
552 688 593 758 τὰ
609 682 646 758 δέ
659 691 688 759 οἱ
705 690 840 785 μεγαλην
859 688 916 759 ἀνὰ
934 695 1022 783 χεῖρα

217 815 410 909 λάμπονται,
428 817 480 884 καὶ
499 817 526 884 οἱ
542 819 656 909 μελέων
678 808 866 911 διακέκριται
880 812 981 904 ἄλλων

219 952 338 1017 κινῆσαι
356 954 520 1037 χειμῶνας,
540 947 588 1011 ὅτ’
607 943 698 1033 ἠελίῳ
717 942 868 1011 συνίωσιν.
959 971 960 974 “
1083 1037 1085 1041 y

217 1055 309 1135 Ᾰλλὰ
321 1063 362 1136 τοὶ
377 1068 444 1162 μὲν,
460 1074 593 1161 κεφαλήν
607 1095 641 1137 τε
660 1067 712 1137 καὶ
724 1065 826 1143 ’ἄλλην
845 1075 932 1165 χεῖρα
951 1067 1002 1136 καὶ
1020 1059 1096 1150 ἰξὺν,

219 1190 393 1287 Αἰγοκέρως
407 1195 496 1262 ἀνιὼν
515 1188 661 1290 κατάγει·
680 1190 721 1260 τὰ
744 1184 779 1260 δὲ
793 1191 899 1262 νείατα
919 1192 1022 1261 πάντα

111 1315 177 1382 685
219 1319 304 1406 αὐτῷ
322 1309 492 1412 Τοξευτῆρι
510 1321 703 1412 κατέρχεται.
722 1308 809 1386 Οὐδέ
827 1344 858 1386 τι
879 1320 1024 1412 Περσεὺς,

217 1432 292 1508 οὐδέ
310 1469 341 1509 τι
355 1436 437 1536 εἵκρα
457 1437 598 1536 κόρομὸα
615 1443 696 1536 μένει
710 1445 904 1536 πολυτειρέος
923 1431 1065 1538 Ᾰργοῦς·

218 1566 287 1637 ἀλλ’
303 1566 375 1640 ἤτοι
391 1568 523 1659 Περσεὺς
544 1568 597 1659 μὲν
616 1564 687 1663 ἄτερ
703 1568 808 1663 γοννός
827 1595 862 1636 τε
881 1559 979 1648 ποδός
998 1593 1034 1636 τε

218 1681 376 1786 δεξιτεροῢ
397 1683 517 1779 δύεται,
534 1695 672 1787 πρύμνης
692 1685 721 1760 δ’
739 1696 808 1761 ὅσον
824 1697 854 1771 ἐς
869 1697 1014 1788 ιτεριαγῆν
1032 1709 1040 1726 ·

219 1817 295 1892 αὐτὴ
311 1806 343 1882 δ’
361 1810 526 1913 Αἰγοκερῆἴ
543 1819 729 1913 κατέρχεται
747 1819 938 1905 ἀντέλλοντι,
995 1885 997 1888 ,

217 1936 294 2032 ἦμος
310 1940 362 2008 καὶ
383 1925 670 2035 Προκόωνδυέται,
686 1940 727 2012 τὰ
747 1935 775 2011 δ’
793 1944 951 2037 ἀνέρχεται
970 1939 1063 2029 ἄλλα,
1098 1976 1100 1980 ·

220 2046 311 2157 ὀρνις
330 2066 359 2132 τ’
377 2065 490 2145 Αἰητός
509 2093 552 2159 τε,
572 2068 613 2136 τοί
629 2094 664 2163 γε
687 2068 866 2163 πτερόεντος
882 2052 1002 2136 ὀϊστοῦ
1110 2141 1111 2144 ,

220 2160 448 2284 τείρεα,.......,.

105 2464 106 2467 ρ
218 2390 287 2447 inde
299 2391 394 2448 obiens
405 2392 589 2465 Capricornus
601 2392 636 2450 ab
648 2394 716 2464 aito,
730 2395 835 2452 iumine
846 2397 926 2468 petiit

220 2479 354 2553 Aurigam
367 2481 575 2554 instantemque
586 2483 718 2555 Capram,
730 2499 829 2556 parvos
839 2485 922 2542 simul
934 2485 1047 2558 Haedos,

220 2580 249 2628 et
258 2587 391 2646 magnam
403 2573 518 2646 antiquo
530 2566 642 2647 depellit
652 2572 768 2633 nomine
778 2564 893 2634 Navem.

221 2662 291 2719 crus
304 2662 485 2736 dextrumque
496 2663 595 2737 pedem
604 2664 733 2738 linquens
745 2665 804 2722 obit
814 2665 904 2724 infera
915 2670 1034 2727 Perseus

141 2800 143 2804 ,
222 2751 250 2808 in
261 2751 339 2821 iona3
351 2760 411 2808 tum
423 2752 523 2809 cedens
535 2768 550 2808 a
563 2753 648 2827 puppi
659 2753 795 2826 linquitur
805 2759 891 2828 Argo.
905 2796 913 2812 .
927 2797 935 2812 .
949 2797 957 2812 .

221 2838 355 2896 Obruitur
365 2841 507 2914 Procy0u;
520 2849 668 2914 emergunt
678 2842 742 2899 alite
753 2842 835 2915 lapsu

222 2929 330 2986 eternis
340 2928 484 2998 Vniueres3
499 2928 605 2985 exsistit
615 2929 690 2986 alara
701 2929 817 3003 Sagitta.
832 2969 839 2985 .
853 2969 883 2986 ..

578 3187 806 3241 Puouuosrtcn.

120 3391 161 3457 83
240 3389 253 3414 ''
292 3389 380 3416 ''''
472 3392 485 3417 ⁹
604 3352 667 3417 Ἰ
796 3388 828 3418 τ’
976 3390 985 3415 “

56 3434 61 3443 ·
164 3399 185 3474 4
212 3392 250 3458 Ει
270 3417 301 3458 τι
316 3416 343 3458 οι
360 3417 379 3464 η
396 3416 455 3458 που
469 3391 585 3485 ερεοθος
600 3392 763 3485 επιτρέχει,
778 3419 828 3459 οια
838 3418 871 3459 τε
888 3398 992 3459 πολλα

217 3519 386 3610 ἑλκομένων
400 3519 508 3610 νεφέων
523 3517 709 3612 ἐρυθαίνεται
719 3514 844 3586 ἄλλοθεν
858 3512 951 3603 ἄλλα,

214 3641 232 3717 ἢ
253 3641 280 3710 εἴ
297 3667 357 3710 που
372 3648 495 3734 μελανεῖ
509 3630 523 3734 (
546 3637 578 3726 )·

223 3824 264 3901 Ci.
277 3843 318 3898 Ut
329 3857 415 3912 quum
427 3844 505 3898 Luna
520 3857 615 3898 means
626 3843 794 3915 Hyperionis
807 3842 893 3900 officit
904 3843 976 3910 orbi,

222 3933 398 4006 stinguuutur
407 3932 477 3988 radii
491 3947 563 3990 raeca
576 3932 694 4006 caligine
705 3932 782 3990 teeti.
797 3973 804 3987 .
820 3973 827 3986 .
842 3973 849 3987 .

781 4023 928 4088 Priscianus,
944 4025 972 4084 Χ,
989 4027 1014 4088 2,
1031 4025 1046 4091 S
1063 4027 1103 4076 ll.

148 4364 185 4431 (t)
202 4363 257 4415 Ηωε
270 4363 302 4414 ds
313 4362 363 4413 sole
374 4362 470 4431 scripsit
483 4361 582 4416 Aratus.
