2790 4770
563 272 760 337 -aol-

549 523 661 591 DeLeg„
675 521 719 573 lib.
735 521 778 575 lll.
800 523 806 583 ¹,
866 482 869 487 Ι

129 727 205 806 Gap.
233 728 296 789 20:
317 758 359 773 -
424 726 524 790 Graeoi
547 727 610 790 boc
631 728 824 810 diligentius,
847 735 932 811 apud
953 751 1033 813 quos
1054 735 1246 817 Νομοφύλακις

93 840 244 896 creantur
260 853 268 894 ε
290 851 350 896 nec
365 835 398 896 bi
412 838 515 899 solum
537 836 655 900 litteras
670 841 754 919 (nam
774 840 806 903 id
824 841 954 922 quidem
969 841 1064 905 etiam
1079 845 1163 922 apud
1177 861 1245 906 ma·

90 940 176 1022 jores
201 947 328 1005 nostros
351 941 440 1022 erat),
468 946 521 1008 sed
547 945 642 1039 etiam
666 949 748 1011 laeta
770 950 937 1013 hominum
961 951 1180 1027 observabant,
1202 953 1241 1013 ad

90 1047 240 1127 legesque
255 1050 453 1112 revocabant.

591 1490 627 1536 oe
642 1487 743 1555 offlam.
863 1462 865 1466 ’

131 1680 201 1742 Lib.
212 1682 235 1757 l,
251 1699 320 1762 cap.
339 1686 357 1745 3
372 1702 380 1745 :
395 1716 435 1728 —
449 1682 624 1764 Perfectum
642 1685 786 1766 officium,
811 1691 922 1747 rectum
939 1686 1064 1764 opinor,
1085 1703 1245 1766 vocemus,

18 1832 23 1840 .
94 1790 181 1868 quod
197 1790 297 1852 Graeci
312 1789 494 1872 Κατόρθωμα,
509 1792 571 1854 hoc
584 1798 690 1854 autem
705 1811 858 1853 commuue
870 1794 994 1866 Καθῆκον
1008 1802 1134 1856 vocant.

131 1897 210 1975 Cap.
228 1901 291 1959 27:
314 1931 353 1944 -
371 1901 439 1962 Hoc
462 1901 533 1961 loeo
549 1900 729 1962 continetur
745 1901 790 1978 id,
819 1901 905 1980 quod
923 1900 988 1964 dici
1002 1900 1105 1982 latine
1129 1923 1143 1962 n
1161 1903 1242 1967 dero·

93 2021 189 2066 rum»
208 2008 323 2084 potest,
338 2023 440 2086 graece
452 2006 536 2068 enim
550 2005 659 2088 Πρέπον
674 2007 803 2070 dicitur.

555 2247 592 2292 ne
606 2242 672 2310 off„
688 2242 733 2295 ru.
747 2241 766 2294 r.

130 2438 205 2517 Cap.
221 2441 261 2500 28
278 2455 285 2499 :
303 2439 478 2517 -Duplex
496 2444 542 2501 est
560 2438 646 2500 enim
659 2436 703 2499 vis
719 2436 898 2499 animorum
913 2443 1009 2518 atque
1023 2443 1145 2500 naturae
1161 2456 1169 2500 ε
1184 2456 1246 2500 una

90 2565 164 2628 pars
179 2552 214 2608 in
238 2550 369 2627 appetitu
388 2547 491 2626 posita
505 2553 563 2624 est,
583 2566 654 2628 quae
677 2551 724 2609 est
743 2545 835 2626 Ὁρμὴ
850 2564 964 2626 graece,
988 2566 1060 2627 quae
1082 2549 1245 2611 hominem

87 2655 152 2718 huc
167 2659 199 2718 et
212 2655 287 2718 illuc
302 2654 421 2735 rapit...

130 2765 205 2844 Cap.
220 2767 283 2827 29:
305 2799 344 2809 -
415 2763 575 2842 Multaque
601 2764 777 2825 multorum
787 2761 888 2840 facete
906 2763 997 2836 dictu,
1018 2768 1054 2824 ut
1069 2780 1116 2839 ea,
1133 2780 1204 2843 quar
1229 2781 1247 2824 a

90 2889 164 2934 sene
177 2873 295 2934 Catone
311 2872 445 2935 collecta
459 2875 547 2944 sunt;
566 2888 638 2949 quaa
652 2876 765 2932 vocant
783 2868 999 2952 Ἀποφθέγματε.

129 2981 205 3058 Cap.
223 2981 262 3041 30
286 2998 350 3040 :-
367 2981 413 3041 De
437 2979 553 3040 Graecis
576 2983 695 3050 autem,
712 2978 840 3039 dulcem
862 2982 894 3038 et
908 2977 1063 3051 facetum,
1077 2975 1244 3055 festivique

87 3087 253 3162 sermonis,
270 3093 366 3167 atque
379 3087 413 3147 in
427 3086 514 3148 omni
529 3082 673 3146 oratione
687 3084 906 3160 simulatorem,
921 3101 1015 3163 quem
1024 3083 1131 3165 Εἴρωνα
1142 3084 1242 3145 Graeci

88 3197 343 3270 nominaverunt,
361 3196 524 3257 Socratem
537 3192 730 3275 accepimus.

125 3305 201 3383 Cap.
214 3307 255 3366 lo
278 3322 285 3365 :
305 3302 512 3380 -Deinceps
530 3301 569 3362 de
584 3299 695 3362 ordine
720 3318 827 3362 rerum
842 3305 874 3362 et
890 3305 1073 3380 temporum
1088 3306 1245 3387 opportuf

85 3414 185 3476 nitate
209 3410 382 3474 dicendum
411 3415 468 3472 est.
495 3411 560 3471 Hac
584 3415 691 3471 autem
718 3408 849 3470 seientia
875 3408 1058 3470 continetur
1080 3425 1126 3482 ea,
1145 3427 1239 3487 quam

87 3518 188 3582 Graeci
206 3515 338 3586 Εὐταξίαν
352 3516 530 3590 nominant,
553 3533 618 3576 non
637 3516 716 3588 baec,
739 3533 838 3595 quam
858 3515 1104 3593 interpretamur
1125 3517 1242 3578 moder-

84 3630 178 3700 tlam,·
194 3642 258 3705 quo
273 3622 305 3685 in
319 3622 415 3685 verbo
429 3623 544 3683 modus
559 3620 640 3685 inest
656 3642 663 3683 :
686 3623 740 3684 sed
755 3622 810 3682 illa
825 3626 872 3684 est
884 3619 1010 3696 Εὐταξία,
1028 3619 1060 3682 in
1074 3640 1136 3702 qua
1149 3623 1244 3685 intel-

80 3733 196 3813 ligitur
221 3729 340 3792 ordinis
368 3733 585 3791 conservatio...
604 3762 644 3774 —
657 3728 756 3791 Paulo
771 3733 860 3808 pou:
926 3730 1047 3790 Locum
1071 3735 1178 3792 autem
1192 3748 1243 3792 ao·

84 3839 192 3914 tionis,
207 3839 465 3917 opportunitatem
477 3840 617 3916 temporis
631 3853 697 3897 esse
711 3834 832 3898 dicunt.
853 3834 979 3914 Tempus
993 3840 1099 3898 autem
1111 3835 1241 3897 aetionis

84 3952 298 4028 opportunum,
315 3943 576 4024 graeceaouqu,
590 3945 686 4007 latine
699 3946 875 4024 appellatur
892 3960 1027 4008 occasio.

125 4030 201 4133 Gap.
218 4053 257 4114 l3
282 4070 289 4114 :
314 4084 355 4097 —
380 4049 596 4131 Princepsque
620 4050 763 4111 omnium
775 4048 929 4113 virtutum
944 4056 992 4114 est
1007 4051 1060 4113 illa
1079 4055 1237 4132 sapientia,

85 4178 182 4244 quam
199 4158 302 4242 Σοφίαν
315 4158 417 4221 Graeci
444 4163 580 4220 vocant:
595 4159 791 4238 prudentiam
811 4158 915 4236 enim,
941 4177 1037 4239 quam
1053 4160 1154 4223 Graeci
1168 4160 1242 4246 Φρό·

85 4293 159 4346 mou
173 4269 299 4344 dicunt,
316 4266 415 4336 aliam
426 4267 598 4346 quamdam
613 4264 856 4348 intelligimus...
