2790 4770
636 327 813 391 ...50-

246 482 333 569 ήμεῖς
352 469 382 544 θ’
400 478 547 557 ἑσταότες
565 474 773 574 θαυμαζομεν,
796 477 857 549 οἷον
873 479 1002 574 ίτόχθη.

245 578 292 681 ίθς
310 599 361 671 οὖν
380 594 467 672 δεινὰ
483 608 610 701 πελωρα
628 604 704 675 θεῶν
722 605 836 682 εἰσῆλθ’
852 601 1045 700 ἑκατόμόας,

246 728 378 824 Καλχας
393 722 423 797 θ’
441 730 543 800 αὐτίκ’
558 733 667 801 ἔπειτα
685 733 874 827 θεοπρεπίων
893 732 1055 828 οῖγόρευεν·

241 855 337 922 Τίπτ’
352 851 430 944 οίνειρ
449 856 593 953 ἐγένεσθε,
608 856 866 953 καρηκομόωντες
884 840 1015 950 Ᾰχαιοί;

239 985 311 1073 ἡμῖν
327 981 380 1073 μὲν
396 972 465 1050 τόθ’
480 984 569 1074 ἔφηνε
584 985 674 1078 τέρας
693 983 774 1079 μέγα
787 981 923 1076 μητίετα
943 985 1031 1067 Ζεὺς,

240 1102 366 1196 ὄψιμον,
383 1104 589 1198 ὀψιτελεστον,
607 1112 681 1178 ὅτου
697 1109 784 1188 κλέος
800 1111 908 1178 οὔποτ’
923 1113 1052 1181 ὀλεῖται.

239 1217 286 1310 tt<
306 1229 396 1314 οὗτος
411 1230 494 1302 κατὰ
508 1237 588 1304 τέκν’
604 1235 697 1330 ίραγε
717 1236 877 1330 στρουθοῖο
894 1236 947 1305 καὶ
966 1225 1075 1325 αὐτηνρ

240 1359 336 1445 ὀκτὼ,
358 1357 435 1452 ἀτὰρ
455 1363 558 1457 μότηρ
575 1359 667 1436 ἐνοίτη
685 1357 734 1448 ἦν,
754 1361 772 1438 ἣ
790 1364 860 1431 τέκε
881 1367 987 1432 τέκνα.

236 1466 282 1564 Ως
298 1492 385 1576 ἡμεῖς
404 1487 556 1555 τόσσαυτ’
575 1489 644 1556 ἔτεα
657 1482 885 1583 πτολεμίξομεν
902 1487 987 1579 αὖθι,

237 1618 281 1699 τῷ
296 1603 420 1700 θεκοίτῳ
439 1604 475 1681 δὲ
489 1614 579 1684 πόλιν
596 1614 760 1710 αἱρήσομεν
778 1614 974 1712 εὐρυάγυιαν.

233 1741 342 1820 Κοῖνος
362 1729 393 1806 θ’
409 1745 449 1821 ὡς
463 1740 609 1834 ἀγόρευε·
624 1736 667 1808 τὰ
685 1732 724 1819 θη
739 1751 790 1810 νῖν
809 1742 916 1811 ποίντα
927 1747 1074 1812 τελεῖται.

232 1949 291 2008 Νοε
301 1955 400 2007 autem
414 1948 503 2006 timidi
518 1957 623 2006 stantes
637 1949 764 2008 mirabile
772 1959 930 2009 monstrum

232 2037 351 2098 vidimus
363 2035 394 2096 in
403 2038 504 2096 mediis
514 2039 617 2098 Divum
628 2040 765 2098 versarier
775 2041 841 2098 aris.
1014 2048 1018 2059 “

232 2129 306 2187 'sum
316 2126 433 2189 calchas
443 2127 503 2187 haec
514 2136 557 2186 est
566 2129 662 2187 fidenti
674 2145 741 2188 voce
753 2130 862 2188 locutus
874 2147 882 2187 ε

230 2215 371 2289 Quidnam
382 2219 529 2292 torpentes
544 2218 638 2276 subito
652 2218 834 2291 obstupuistis
845 2218 963 2278 Achivi?

230 2304 319 2364 Nobis
329 2304 389 2366 haec
400 2314 528 2379 portenta
539 2309 632 2365 Deum
644 2307 722 2365 dedit
733 2307 793 2380 ipse
807 2317 915 2367 creator

228 2395 306 2455 tarda
320 2403 348 2456 et
360 2413 422 2456 sera
434 2397 526 2468 nimis,
540 2398 589 2457 sed
599 2397 673 2456 fama
685 2408 716 2455 οε
725 2397 806 2455 laude
818 2399 943 2471 perenni.

230 2480 304 2544 Νέου
315 2495 384 2561 quot
392 2502 456 2544 aves
466 2493 539 2544 tetro
552 2493 689 2544 mactatas
700 2485 783 2543 dente
796 2486 905 2558 videtis,

230 2582 274 2634 tot
283 2592 336 2634 nos
346 2575 383 2634 ad
392 2576 505 2651 TmJam
518 2576 583 2634 ΙνεΙΙῖ
596 2575 800 2635 exanclabimus
816 2594 915 2646 annos,

228 2683 291 2743 quae
304 2666 414 2726 decimo
428 2667 508 2725 cadet
517 2675 545 2725 et
560 2683 639 2741 ροευε
653 2668 763 2726 satiabit
773 2669 905 2727 Achivos.

125 2786 127 2791 ·
226 2754 320 2816 Edidit
327 2755 389 2818 haee
399 2757 514 2816 Calchas
525 2774 532 2815 ι
544 2772 607 2832 quae
615 2757 676 2831 jam
689 2767 797 2816 matura
807 2758 914 2818 videtis.

545 2941 648 3000 Ἰλιάδος
659 2945 687 3005 ζ,
704 2943 749 2993 201
767 2949 792 2992 et
806 2945 867 2996 202.

229 3081 309 3174 ίίτοι
322 3107 338 3173 ό
349 3099 415 3174 κὰπ
428 3093 534 3172 πόθεον
553 3103 589 3171 τὸ
603 3091 719 3179 Ᾱληϊον
739 3099 799 3183 οἷος
816 3104 933 3191 εἱλεῖτο,

227 3225 261 3298 tv
275 3227 369 3323 θυμὸν
387 3218 537 3316 καθέθων,
554 3226 651 3298 ποίτον
675 3226 840 3323 ἀνθρώπων
855 3226 1010 3298 ἀλεείνων.

530 3425 582 3478 Cic⁶
598 3428 668 3478 Tusa.
682 3425 725 3487 ΙΙΙ,
739 3436 817 3488 xm,
831 3428 872 3477 63.

228 3573 272 3637 ct
285 3574 339 3649 Qui
351 3572 437 3632 miser
449 3572 479 3630 in
487 3572 592 3647 campis
603 3586 724 3632 moerens
733 3571 843 3631 errabat
851 3571 939 3643 ΑΙεῖε,

227 3666 287 3742 ipse
298 3681 381 3726 suum
391 3676 441 3724 cor
454 3663 550 3736 edens,
560 3663 709 3739 hominum
717 3663 830 3737 vestigia
842 3661 944 3722 vitans.
1014 3654 1016 3661 ’

555 3846 657 3907 Ἰλιάδος
667 3862 694 3911 η,
707 3848 739 3900 89
753 3855 778 3900 et
791 3861 844 3916 sqq.

226 3988 345 4099 Ᾰνθρὸς
362 4000 415 4099 μθν
434 3990 508 4073 τόθι
522 4011 607 4098 σῆμα
624 4000 722 4071 πάλαι
740 3999 1011 4083 κατατεθνηῶτος,

520 4207 573 4260 Cic.
587 4204 619 4256 de
633 4203 728 4266 Gloria,
741 4203 785 4256 lib.
802 4203 834 4266 ll,
852 4205 875 4255 1.

228 4357 273 4418 Gfa
286 4356 341 4416 ΙΙΙο
354 4355 425 4415 situs
437 4362 480 4414 ‘est
490 4355 554 4414 vitae
561 4353 729 4428 jampridem
740 4352 846 4411 lumina
858 4349 995 4423 linquens,
