2790 4770
653 312 700 327 -
721 279 787 341 296
807 309 854 325 -

170 397 276 477 jungit
292 397 348 480 (t),
378 398 535 479 a'quibus
563 398 606 460 ita
620 399 775 479 copulatis
798 397 924 461 aurium
938 394 1111 470 fastidium,
1129 393 1241 469 oredo,
1258 398 1337 454 tunc

173 505 327 584 temporis
338 524 400 566 non
413 505 526 568 abfuit.

213 613 332 674 Eadem
357 631 444 689 sane,
467 612 527 673 nisi
543 614 576 672 iu
596 614 675 675 locis
688 614 915 692 interpretatis,
933 615 1048 674 frustra
1066 630 1124 691 per
1136 618 1185 674 lot
1200 617 1232 673 el
1247 616 1337 673 tanta

174 718 333 779 Ciceronis
360 735 456 795 opera
471 717 610 778 invenire
633 717 737 778 relies.
764 718 868 780 Sensit
882 725 914 780 et
932 720 999 796 ipse
1015 725 1169 798 qnantum
1185 720 1336 798 quaedam

203 892 239 955 (1)
256 889 348 954 Nempe
361 887 448 937 Cicero
461 903 537 953 graece
547 886 665 953 loquitur,
679 904 729 937 non
741 888 813 938 modo
823 889 945 953 juncturis
956 890 1026 939 nouis
1040 906 1104 948 usus,
1121 891 1162 939 sed
1176 892 1245 956 qnod
1255 892 1337 956 pluri·

168 975 254 1026 busin
272 974 331 1024 locis
348 973 488 1022 inusitatam
503 973 704 1041 compositionem,
724 974 749 1023 id
767 985 812 1034 est,
832 975 954 1035 Σύνθεσιν,
970 975 1078 1026 allectat.
1096 977 1158 1025 Nam
1175 993 1254 1043 saepe,
1276 978 1335 1025 dum
1384 1024 1387 1029 .

169 1059 286 1110 Timaeum
305 1060 494 1124 iuterpretatur,
510 1058 621 1107 ordinem
635 1057 754 1108 Platonici
769 1076 851 1109 seuam
864 1070 888 1110 et
904 1059 1021 1126 impetum
1034 1071 1102 1111 tanta
1116 1062 1234 1126 exprimit
1248 1064 1336 1111 indus·

170 1147 226 1206 tria,
242 1155 269 1195 ut
283 1145 310 1193 in
325 1145 377 1208 ejus
391 1142 489 1208 scriptis
500 1141 675 1192 Atheniensem
695 1144 774 1210 ipsum
788 1146 857 1212 quasi
870 1146 964 1212 spirare
971 1155 1052 1212 putes.
1068 1146 1126 1195 lude
1140 1146 1168 1194 sit
1181 1155 1218 1204 ut,
1233 1157 1335 1196 auctore

168 1231 213 1280 tali
228 1230 289 1288 siro,
303 1227 372 1276 nulla
383 1227 434 1291 jam
450 1242 489 1275 am
510 1226 592 1275 latinae
610 1227 697 1293 linguae
715 1229 785 1289 desit,
799 1246 847 1296 qua
861 1230 969 1280 membra
982 1231 1099 1280 orationis
1119 1246 1194 1296 quam
1209 1232 1335 1297 aptissime

168 1316 316 1382 copulentur
328 1329 357 1363 ac
371 1321 514 1377 congruant.
531 1311 628 1362 Etenim
640 1330 763 1365 sermones
776 1332 825 1366 non
840 1325 936 1366 tantum
947 1316 1071 1368 uocabulis
1081 1317 1158 1377 noris,
1170 1319 1214 1367 sed
1226 1317 1334 1368 maxime

169 1400 344 1450 sententiarum
358 1395 592 1446 conformationibus
603 1397 748 1464 amplificari
762 1402 840 1451 solent
851 1419 858 1452 :
871 1410 945 1467 atque
959 1401 1035 1462 illud,
1051 1412 1080 1452 ut
1098 1403 1202 1468 opinor,
1220 1403 1333 1469 inprimis

170 1484 328 1536 tribuendum
342 1492 378 1532 est
393 1481 553 1547 scriptoribus
565 1482 662 1548 ingenio
676 1485 887 1550 praestantissimis,
900 1487 1002 1552 quinon
1013 1487 1105 1537 habent
1118 1488 1256 1553 quidquam
1268 1489 1333 1538 anti-

168 1569 240 1635 quius
259 1584 332 1634 quam
348 1576 376 1616 ut
396 1581 489 1615 summa
510 1566 649 1630 diligentia,
671 1569 729 1617 dum
746 1569 846 1619 dillrcile
864 1586 952 1620 munus
971 1570 1132 1637 interpretum
1152 1582 1331 1637 exsequuntur,

169 1652 243 1705 alieni
257 1653 375 1703 sermonis
384 1668 441 1718 opes
450 1651 475 1701 in
488 1667 539 1700 rem
549 1650 707 1702 domesticam
717 1654 874 1706 transierant.
885 1654 935 1704 Nee
948 1671 1005 1704 sero
1015 1655 1051 1704 illi
1061 1655 1165 1716 irritam,
1178 1664 1249 1722 puto,
1261 1655 1331 1722 operi

170 1739 318 1807 perficiendo
332 1739 391 1787 dant
407 1752 507 1802 operam
518 1753 525 1786 :
536 1737 627 1802 quippe
645 1739 688 1803 qui
704 1740 765 1788 adeo
780 1739 933 1790 familiariter
952 1749 977 1789 et
990 1740 1066 1789 amice
1079 1755 1136 1789 cam
1153 1740 1213 1790 uiris
1228 1742 1260 1790 ad
1275 1741 1330 1790 imi·

169 1826 272 1875 tandum
292 1823 391 1873 delectis
410 1821 531 1870 vixerint!
544 1850 575 1857 —
597 1822 633 1871 Er
652 1823 741 1873 Timeo
761 1825 793 1874 lt.
816 1824 889 1874 Tullii
907 1826 945 1889 (ut
960 1825 991 1874 ad
1009 1841 1061 1874 rem
1079 1827 1187 1889 redeam)
1202 1826 1274 1891 quasi
1293 1842 1331 1874 re·

171 1911 253 1961 dolere
265 1910 322 1976 ipsae
336 1908 436 1958 tltlreuae
449 1906 571 1955 ridentur.
586 1905 683 1956 Grreens
697 1909 738 1958 ille
747 1921 783 1959 est
798 1908 928 1969 interdum,
942 1910 962 1958 si
975 1909 1093 1960 vocabula
1106 1911 1227 1976 quaedam,
1243 1913 1265 1961 si
1280 1929 1332 1962 oia·
1356 1896 1358 1901 Ι

169 1995 243 2045 nonis
254 1994 379 2051 circuitus,
393 1991 412 2039 si
423 1989 528 2054 deniqne
537 1990 661 2050 Σύνταξιν,
675 1993 700 2040 id
713 2003 757 2053 est,
770 1994 967 2042 constructionem
980 1994 1110 2044 examines.
1126 1994 1242 2050 Educatur
1256 1994 1330 2044 dico:

171 2095 220 2129 non
235 2079 300 2127 euim
314 2077 388 2127 dubia
401 2092 440 2124 res
453 2084 488 2124 est
500 2075 561 2139 quin
575 2077 693 2141 paulatim
705 2079 833 2128 immutata
843 2079 916 2128 luerit
925 2081 990 2146 apud
1006 2079 1094 2129 latinos
1105 2078 1237 2145 scriptores
1250 2097 1331 2130 rerum

171 2173 214 2214 aut
226 2173 310 2229 poetas
324 2162 453 2212 uerborum
468 2159 589 2209 ordinatio
601 2178 630 2211 ea
645 2178 695 2228 quo
704 2187 715 2204 ι
726 2173 796 2229 pater
808 2163 902 2213 Eutrius
912 2189 934 2224 ν,

492 2259 577 2298 biennii
592 2263 657 2302 tontis
666 2263 702 2310 qua
716 2272 757 2301 non
766 2263 866 2311 expalluit
875 2265 970 2310 haustus,

174 2346 306 2396 Homerum
320 2357 344 2396 et
359 2346 502 2412 Euripidem
513 2348 606 2398 studuit
621 2347 737 2396 aemulari.
754 2345 815 2396 llam
828 2347 938 2413 quami-is
952 2346 1045 2396 diversa
1055 2346 1086 2396 sit
1100 2347 1231 2413 utriusque
1245 2349 1333 2415 lingua

174 2441 271 2494 natura,
295 2441 376 2480 tamen
396 2448 560 2498 saepenumero
573 2433 681 2482 eamdem
696 2432 743 2480 illis
765 2447 816 2480 esse
836 2432 949 2487 Σύνταξιν
968 2432 1033 2481 iuter
1052 2449 1135 2481 omnes
1154 2433 1335 2485 Grammaticos

174 2525 276 2565 constat.
287 2514 350 2564 Satis
360 2525 394 2564 est
404 2516 469 2565 enim
478 2518 633 2582 grammatica
643 2516 757 2582 qnalibet
766 2516 876 2565 evolvere
885 2516 969 2576 latina,
981 2526 1006 2565 et
1019 2516 1123 2582 singulas
1137 2527 1205 2567 recte
1219 2518 1333 2583 loquendi

176 2601 237 2664 leges
250 2599 359 2649 conferre
371 2601 453 2665 graecis
467 2602 568 2667 legibus,
583 2619 636 2666 quae
650 2617 719 2666 pares
733 2601 818 2649 iisdem
832 2601 986 2666 respondent,
1002 2610 1029 2649 ut
1042 2599 1111 2650 lacile
1122 2612 1249 2668 appareat,
1261 2619 1333 2668 (quant

175 2685 277 2734 mirifice
289 2686 353 2734 inter
367 2703 391 2734 se
403 2687 564 2736 consentiant.
581 2687 735 2751 Perspicuum
750 2694 784 2734 est
798 2685 856 2733 illud
872 2701 920 2732 non
936 2685 996 2734 locte
1009 2685 1105 2735 fortuna
1121 2686 1183 2750 fieri,
1199 2689 1241 2736 scd
1254 2690 1332 2754 cujus·

176 2785 224 2834 qne
245 2768 350 2817 auctoris
370 2768 506 2817 imitatione
524 2767 714 2834 prudentissimi.
733 2765 797 2825 Quid
816 2767 931 2832 exemplis
945 2773 1021 2818 utar?
1040 2768 1107 2816 Adeo
1121 2780 1178 2818 stant
1199 2771 1289 2828 nurlta,
1306 2781 1331 2819 ut

121 2854 124 2858 ’
181 2855 264 2903 omnia
284 2870 427 2902 erurmerarc
448 2855 545 2919 longum
570 2867 649 2916 unque.
670 2851 829 2899 necessarium
843 2860 912 2899 esset.
929 2852 974 2900 llic
990 2869 1065 2916 prarrca
1086 2855 1203 2919 proposui
1225 2854 1256 2902 cle
1277 2873 1330 2903 con·

175 2941 312 3000 decretione,
327 2941 421 3004 quand
436 2940 514 2989 sarias
525 2940 592 2989 uerbi
604 2938 770 3004 rrsrrrpationes
782 2937 887 3002 pertinet
899 2953 905 2986 :
920 2939 1069 3001 Βουλοίμην,
1081 2936 1112 2986 cf.
1127 2959 1139 2982 ιι
1151 2937 1227 2986 eelim
1239 2962 1293 2988 ιι.-
1306 2943 1331 2990 Εἰ

177 3026 307 3090 δυναίμην,
324 3023 356 3073 cl.
372 3046 382 3068 a
394 3024 415 3071 si
427 3025 517 3092 possint
529 3047 548 3077 ν,
560 3051 590 3060 -
601 3021 812 3086 Περιτελλομένων
834 3020 963 3078 ἐνιαυτῶν,
982 3019 1013 3069 cl.
1027 3042 1038 3064 ι
1054 3018 1177 3069 oolrendis
1192 3024 1263 3071 annis
1273 3049 1292 3074 n.
1302 3052 1332 3059 -

178 3114 275 3160 Kelenoi
292 3128 320 3159 σε
335 3110 441 3174 θαῤῥεῖν,
456 3109 489 3159 cl.
502 3131 514 3154 ιι
521 3107 596 3176 jubeo
609 3119 631 3154 te
645 3105 722 3174 fidere
734 3128 756 3152 ν.
769 3134 798 3141 -
810 3106 938 3155 Διδάσκειν
951 3107 1006 3154 τινά
1019 3124 1050 3168 τι,
1066 3105 1097 3154 cl.
1109 3128 1121 3149 a
1133 3104 1220 3155 docere
1234 3106 1331 3177 aliquem

178 3192 309 3262 aliquid»,
324 3203 372 3240 etc.
394 3192 454 3253 (rid.
471 3193 498 3240 Ε.
516 3193 599 3256 Eggcr.
621 3190 729 3239 Gramm.
746 3206 825 3255 comp.
846 3191 884 3238 ed.
908 3193 980 3248 1853,
999 3206 1024 3254 p.
1045 3194 1075 3239 (ll
1096 3201 1120 3238 et
1138 3195 1215 3256 sqq).
1244 3192 1286 3241 ³id.
1300 3202 1329 3241 et.

179 3279 285 3329 lllacrolr.
302 3274 342 3340 (de
355 3276 448 3340 Differ.
465 3287 486 3323 et
500 3277 579 3326 societ.
597 3276 669 3342 greci
683 3274 796 3341 latinique
811 3272 885 3337 nerlii)
903 3275 967 3338 apud
982 3289 1053 3338 quem
1064 3274 1114 3323 haec
1124 3275 1239 3340 leguntur
1251 3296 1256 3325 :
1270 3301 1281 3319 ι
1292 3278 1332 3325 La·

178 3362 358 3426 tiuiGraecique
369 3362 479 3409 eamdem
492 3377 558 3426 paene
573 3377 627 3409 curn
643 3359 736 3408 casibus
750 3359 944 3406 concatenationem
957 3366 1061 3415 serrant,
1076 3368 1103 3407 ut
1115 3375 1120 3408 :
1133 3360 1247 3408 nrisereor
1260 3360 1330 3413 illins,

179 3466 254 3518 pareo
267 3444 313 3503 illi,
330 3463 434 3493 eerreror
447 3443 514 3492 illurn
526 3465 534 3493 :
546 3446 665 3511 φροντίζω
679 3443 761 3501 τοῦδε,
776 3445 889 3506 πείθομαι
904 3444 976 3505 τῷδε,
987 3444 1046 3506 φιλῶ
1059 3444 1138 3496 τόνδε,
1151 3465 1198 3488 ν-
1208 3446 1239 3495 Et
1254 3446 1329 3495 iulia:

181 3556 193 3578 ιι
210 3534 271 3581 Sunt
288 3530 457 3596 impersonalia
472 3529 560 3578 Graecis
575 3529 715 3592 Latinisque
730 3527 898 3578 communia...
918 3531 990 3575 Decet
1003 3546 1049 3589 rae,
1065 3539 1096 3587 te,
1113 3526 1191 3587 illuni,
1208 3549 1258 3587 rrae,
1285 3551 1331 3590 aas,

181 3641 192 3663 ιι
209 3616 272 3669 illos,
287 3613 447 3680 impersonale
458 3623 503 3662 est.
517 3613 563 3662 Sed
577 3622 601 3661 et
614 3612 690 3662 Graeci
703 3612 750 3660 hoe
765 3611 838 3660 uerbo
852 3612 963 3660 similiter
975 3621 1088 3671 utuntur,
1102 3615 1190 3679 πρέπει
1208 3615 1273 3675 ἐμοὶ,
1285 3617 1331 3677 ool,

180 3727 192 3748 ιι
209 3703 303 3762 ἐκείνῳ,
314 3700 381 3758 ἡμῖν,
393 3699 459 3761 ὑμῖν,
473 3697 624 3752 ἐνείναις.....
639 3695 721 3743 Placet
736 3695 793 3743 milri
802 3694 880 3750 lectio,
897 3696 998 3744 uerbum
1012 3706 1064 3759 est3
1080 3695 1163 3745 Placet
1173 3697 1229 3745 rrrilri
1244 3698 1329 3764 legere,

181 3811 192 3832 ιι
209 3785 369 3851 impersonale
383 3793 425 3831 cst.
446 3783 478 3831 lta
492 3793 514 3831 ct
528 3783 592 3847 apud
606 3782 709 3839 Gru‘ros,
724 3784 822 3846 αρέσκει
842 3785 908 3844 μοιὴ
925 3781 1071 3845 ἀνάγνωσις,
1087 3782 1118 3829 ad
1133 3798 1261 3847 personam
1274 3784 1332 3831 rela-

180 3897 190 3917 ι
210 3883 260 3922 tum
274 3880 307 3918 est
319 3888 323 3917 :
336 3870 435 3934 ἀρέσκει
450 3885 491 3931 μοι
504 3867 701 3929 ἀναγιγνώσκειν,
715 3867 873 3932 impersonale
885 3877 928 3915 cst.
989 3868 1089 3912 Ponte!
1099 3884 1144 3926 ine,
1156 3867 1204 3915 lroc
1214 3878 1258 3930 cst,
1270 3869 1331 3933 quod

175 3965 191 4004 ἰι
207 3957 272 4022 apud
287 3956 341 4004 illos
357 3955 486 4018 μεταμέλει
500 3970 571 4014 μοι...
585 3953 668 3999 ν-Νι
682 3952 761 4016 plura,
779 3952 864 4000 Cicero
880 3951 952 3999 Ennii
967 3961 1157 4016 ceterorumque
1172 3952 1331 4019 interpretum

178 4042 282 4105 uestigiis
302 4041 428 4102 ingressus,
445 4036 525 4085 decori
542 4035 606 4085 auito
621 4052 669 4084 raon
684 4036 759 4085 deluit
775 4038 851 4100 :quin
867 4037 948 4092 etiam,
964 4035 1045 4084 Graia
1064 4037 1212 4101 exemplaria
1229 4047 1330 4090 sectatus.

176 4130 210 4179 ita
225 4125 369 4190 locupletem
384 4122 493 4170 simulet
508 4121 593 4170 ordine
607 4121 688 4168 lucido
702 4121 818 4170 illustrem
834 4122 939 4170 reddidit
954 4121 1069 4184 linguam,
1085 4131 1112 4169 ut
1126 4138 1187 4187 opus
1203 4123 1331 4188 perlectum

175 4212 345 4279 expletumque
359 4207 472 4256 omnibus
484 4205 532 4253 suis
553 4206 659 4253 ritrnreris
676 4207 812 4270 posteritati
832 4207 967 4256 tradiderit.
986 4205 1041 4254 Mox
1062 4216 1153 4264 autem,
1168 4217 1222 4271 post
1238 4209 1332 4257 l'arsaris

175 4296 274 4360 burgasti
294 4292 473 4359 principatum,
490 4289 585 4338 labente
603 4289 690 4338 sensim
706 4290 851 4355 intelligenti
867 4292 1002 4341 litterarum
1014 4290 1117 4354 jndicio,
1131 4290 1182 4354 jam
1202 4308 1250 4341 non
1269 4292 1331 4342 stetit
