2790 4770
563 430 597 442 -
635 397 694 462 157
717 434 763 445 -

76 527 155 582 etad
167 525 275 593 laevam,
291 527 361 585 etad
371 527 510 598 dextram,
522 540 550 587 et
560 547 681 603 sursunt,
694 547 722 592 et
733 535 873 607 deorsum,
886 533 971 592 modo
982 535 1048 604 huc,
1060 535 1144 592 modo
1156 535 1232 600 illuc.

78 646 144 710 [sex
155 659 219 701 oras
228 644 408 720 regionesque
419 663 514 705 versus
525 664 620 706 emaus
631 651 796 723 procedebat
808 639 841 725 (t)
852 656 872 721 ].=

538 820 629 872 Desunt
642 823 767 873 nonnulla.

112 1007 190 1063 XIV.
209 1008 273 1062 lam
286 1021 350 1063 vero
360 1022 455 1065 earum
466 1009 630 1083 imaginum,
641 1027 703 1084 quae
714 1011 856 1086 linguntur
865 1021 892 1069 et
901 1010 1056 1069 redduntur
1066 1011 1095 1068 iu
1105 1011 1232 1085 speculis,

75 1127 240 1185 eorumque,
257 1130 320 1187 quae
331 1114 475 1188 splendida
487 1123 514 1173 ct
524 1117 601 1174 laevia
616 1126 694 1185 suut,
709 1119 847 1176 rationem
863 1120 1017 1192 perspicere
1031 1119 1106 1176 haud
1120 1117 1234 1177 diflicile

75 1226 129 1276 est.
141 1222 217 1302 ,Nam
229 1237 262 1278 er
274 1221 346 1295 ignis
362 1223 503 1296 utriusque
514 1224 610 1281 aeterni
629 1233 712 1298 atque
727 1225 827 1282 interni
840 1226 1038 1282 communione
1052 1225 1124 1282 inter
1141 1224 1234 1298 ipsos,

74 1343 166 1402 quum
179 1344 252 1385 uuus
263 1344 312 1402 per
323 1328 445 1403 singulas
458 1339 549 1404 partes
560 1331 691 1403 ollactus,
712 1341 740 1390 et
757 1333 854 1390 multis
873 1332 964 1390 modis
983 1349 1100 1390 concors
1112 1339 1139 1388 et
1152 1339 1234 1403 aptus

72 1435 208 1504 redditus,
220 1436 249 1493 in
261 1436 360 1494 laevore
371 1437 499 1495 consedit
512 1438 572 1507 [sed
583 1439 605 1494 si
617 1440 646 1496 iu
657 1439 804 1511 splendore
820 1440 956 1508 consedit]
972 1455 979 1497 :
992 1448 1054 1496 tum
1073 1439 1115 1496 vel
1135 1439 1233 1495 eadent

73 1546 254 1619 species,ch
268 1546 408 1604 interdum
420 1547 566 1604 immutata
581 1547 720 1618 redditum
736 1548 884 1622 omniaque
901 1540 1232 1621 hujusmodi'noeessario

73 1655 103 1714 in
123 1655 235 1728 speculo
253 1656 425 1727 referuntur,
437 1674 526 1730 quum
540 1656 612 1732 ignis
627 1657 772 1714 oculorum
791 1674 855 1714 oum
874 1656 1001 1731 migne,
1021 1657 1068 1730 qui
1091 1664 1133 1713 est
1147 1655 1182 1712 ob
1203 1671 1235 1712 os

77 1761 196 1833 oilusus,
208 1764 236 1821 ln
246 1780 276 1820 re
289 1764 347 1822 laevi
359 1773 387 1822 et
397 1765 538 1839 splendida
553 1781 582 1834 se
595 1765 719 1824 conludit
732 1773 759 1822 et
771 1766 899 1823 contulit.
913 1768 1017 1821 Dextra
1029 1773 1122 1821 autem
1135 1762 1233 1820 viden·

75 1878 133 1942 tur,
146 1885 208 1943 quae
221 1871 375 1939 laeva'sunt
391 1871 454 1943 quia
466 1872 611 1929 contrariis
622 1872 749 1945 partibus
761 1871 907 1929 oculorum
919 1871 1073 1928 contrarias
1087 1879 1178 1944 partes
1191 1856 1242 1928 at}

76 1980 199 2052 tingunt,
213 1981 313 2051 praeter
322 1995 428 2036 rnorem
439 1980 572 2043 usitatum
582 1980 744 2054 adjectionis
757 1988 785 2044 et
792 1980 1040 2038 comntlssurae.....
1053 1973 1237 2050 Respondent

77 2096 171 2146 autern
183 2087 277 2146 dextra
290 2088 411 2161 dextris,
424 2089 490 2146 laeva
504 2089 588 2160 lavis,
605 2089 784 2146 conversione
802 2090 953 2156 luminum,
968 2105 1054 2162 quum
1069 2103 1101 2145 ea
1116 2088 1188 2143 inter
1206 2101 1235 2143 se

45 2213 50 2221 ·
75 2199 156 2266 [non]
169 2197 206 2269 lt)
218 2197 408 2254 colraeresount
421 2216 428 2254 z
441 2197 470 2254 id
480 2197 523 2268 fir,
536 2215 623 2270 quum
636 2200 811 2271 speculorum
823 2198 927 2254 latitas
944 2196 1011 2253 ltine
1023 2197 1150 2269 illincque
1169 2196 1234 2251 alti·

76 2303 206 2362 tudinem
218 2307 376 2380 assumpsit,
389 2314 416 2363 et
428 2307 465 2362 ita
479 2306 576 2363 dextra
591 2307 710 2364 detrusit
725 2307 754 2364 in
767 2307 862 2365 laevam
880 2316 987 2379 partem
1006 2307 1165 2375 oculorum,
1186 2305 1235 2362 lae-

76 2429 165 2485 saque
177 2410 353 2470 indortram.
367 2414 470 2489 Supina
488 2415 571 2473 etiam
593 2431 641 2473 ora
656 2424 807 2472 cernuntur
827 2415 987 2488 depulsione
1006 2415 1157 2484 luminum3
1173 2431 1235 2487 quae

74 2528 241 2578 convertens
258 2499 386 2579 inferiora
404 2503 495 2579 reddit
508 2539 569 2597 quae
590 2530 656 2580 sunt
674 2524 825 2595 superiora.
850 2529 938 2595 Atque
955 2523 1015 2579 haec
1037 2522 1129 2578 omnia
1148 2539 1181 2579 ex
1202 2539 1235 2580 eo

74 2642 178 2701 genere
193 2634 274 2695 suut,
291 2643 352 2700 quae
372 2643 463 2684 rerum
484 2629 616 2702 adjuvant
635 2645 733 2685 causas
747 2647 754 2684 :
769 2628 869 2702 quibus
888 2629 975 2685 utitur
994 2629 1128 2686 ministris
1143 2633 1234 2700 Deus,

74 2750 164 2810 quum
180 2734 275 2807 optimi
288 2734 426 2807 speciem,
441 2734 531 2808 quoad
545 2735 605 2793 lieri
619 2745 728 2809 potest,
750 2736 843 2794 elficit.
861 2737 914 2794 Sed
932 2737 1093 2794 existimant
1113 2737 1236 2810 plerique

72 2844 205 2901 nouhaec
216 2843 373 2918 adjuvantia
389 2860 548 2915 causarum,
564 2844 614 2902 sed
629 2845 677 2901 llas
688 2828 760 2918 ipsas
772 2861 831 2903 esse
846 2846 971 2903 omnium
986 2861 1093 2915 causas,
1106 2860 1167 2918 quae
1180 2845 1234 2901 nim

72 2950 198 3007 habeant
207 2948 318 3023 frigoris
332 2959 361 3007 et
378 2950 495 3021 caloris,
513 2952 700 3009 concretionis
715 2962 743 3010 et
757 2954 888 3026 liquoris,
909 2962 1021 3010 careant
1041 2962 1135 3009 autem
1157 2952 1234 3008 omni

72 3055 256 3129 intelligentia
267 3065 349 3129 atque
366 3058 483 3126 ratione,
496 3074 573 3130 quae,
589 3058 640 3115 nisi
657 3058 686 3114 in
704 3059 812 3124 altimo,
833 3059 909 3115 nulla
926 3059 979 3116 alia
991 3060 1019 3115 iu
1034 3067 1135 3115 natura
1153 3074 1234 3130 repe·

75 3163 197 3220 riantur.
211 3163 330 3220 Animus
339 3172 431 3222 autem
444 3181 557 3222 sensum
567 3182 679 3224 omnem
692 3165 790 3240 effugit
803 3168 958 3225 oculorum.
973 3173 1009 3225 at
1021 3167 1101 3240 ignis,
1115 3175 1234 3240 etoquia,

75 3277 106 3327 et
120 3277 211 3336 terra,
224 3272 251 3325 el
264 3284 322 3339 aer,
337 3286 452 3343 corpora
465 3279 546 3337 sunt,
559 3287 646 3345 eaque
659 3281 823 3330 cernuntur.
842 3274 925 3330 lllum
939 3283 1047 3346 autent,
1069 3276 1115 3347 qni
1135 3274 1234 3332 intelli·

74 3375 180 3449 gentiae
192 3376 392 3450 sapientiaeque
403 3393 432 3434 se
445 3386 599 3435 amatorem
618 3379 777 3453 prolitetur,
794 3395 906 3437 necesse
925 3388 967 3437 est
987 3381 1168 3454 intelligentis
1187 3397 1235 3438 sa-

74 3483 233 3559 pientisque
244 3493 352 3541 naturae
365 3485 467 3558 primas
476 3502 571 3544 causas
581 3489 760 3561 conquirere3
773 3487 872 3545 deinde
883 3487 1020 3545 secundas
1030 3504 1129 3545 causas
1141 3503 1233 3543 rerum

74 3611 193 3662 earum,
206 3610 269 3669 quae
288 3595 441 3652 necessario
458 3605 570 3653 movent
582 3595 659 3663 allas,
675 3611 761 3668 quum
774 3596 840 3667 ipsae
859 3596 894 3652 ab
905 3595 966 3652 aliis
980 3604 1139 3653 moventur.
1161 3597 1235 3668 Quo-

74 3700 152 3760 circa
164 3702 245 3761 nobis
258 3703 296 3761 sic
308 3719 391 3761 cerno
408 3720 468 3762 esse
486 3703 659 3773 iaciendum,
675 3713 707 3762 ut
726 3705 760 3761 de
778 3712 897 3778 utroque
914 3720 965 3760 nos
978 3703 1089 3776 quidem
1109 3687 1242 3761 dicamus⁴

73 3827 180 3886 genere
190 3827 354 3884 causarum,
367 3814 516 3887 separatim
531 3822 627 3871 autem
638 3814 672 3871 de
684 3814 732 3884 ils,
744 3829 806 3887 quae
824 3829 889 3870 eum
903 3813 1082 3888 intelligentia
1097 3824 1162 3871 sunt
1174 3813 1233 3870 effi·

73 3918 181 3976 cientes
193 3917 440 3991 pulcherrimarum
452 3917 546 3978 rerum
559 3927 642 3994 atque
655 3921 845 3993 optimarum:
859 3918 933 3977 etde
950 3920 994 3988 iis,
1011 3937 1091 3994 quae,
1104 3928 1234 3978 vacantes

73 4028 237 4104 prudentia,
252 4029 434 4086 inconstantia
450 4031 665 4103 perturbataque
683 4029 818 4088 eliciunt.
841 4033 881 4085 Ac
899 4028 934 4086 de
953 4028 1100 4087 oculorum
1120 4027 1232 4100 quidem

109 4243 146 4306 (1)
165 4240 250 4307 Suppl.
265 4234 374 4291 lambiat.
386 4238 413 4289 in
426 4238 483 4290 edit.
496 4242 569 4290 laco.
1203 4285 1204 4288 ,

110 4326 147 4392 (2)
165 4322 446 4394 ll'on'snpermctneum
474 4334 524 4386 esta
548 4341 605 4375 uam
627 4324 695 4377 Plato
716 4324 776 4376 dicit
797 4339 804 4374 ε
831 4348 843 4368 ·
857 4325 916 4376 ὅταν
937 4323 1063 4389 μεταπέσῃ
1087 4320 1231 4388 συμπηγνύ·

73 4428 258 4477 μννν...
