2790 4770
574 285 775 350 -163-

22 427 27 435 '
86 435 205 498 rateque
220 425 344 499 jactari:
364 420 457 499 itaque
480 424 543 482 huic
564 425 658 482 omnia
677 427 736 481 visa
756 423 926 497 objiciuntur
946 430 1072 479 amente
1090 438 1122 478 ac
1139 421 1248 478 ratione

87 529 187 586 vacua,
204 521 237 570 ut
251 521 299 570 aut
309 529 374 570 cum
387 522 475 570 matre
487 528 589 586 corpus
602 515 720 570 miscere
731 511 867 583 videatur,
882 520 930 568 aut
943 527 1007 567 cum
1023 510 1119 584 quovis
1133 507 1189 565 alic
1205 513 1251 569 vel

87 602 205 659 homine
215 600 257 658 vel
268 605 340 671 Deo,
351 617 423 674 saepe
431 601 530 670 bellua,
541 610 624 676 atque
635 602 721 659 etiam
734 600 873 659 trucidare
883 599 1006 672 aliquem
1017 607 1045 656 et
1053 598 1138 671 impie
1148 613 1248 657 cruen-

87 691 152 758 tari,
164 691 309 764 multaque
320 690 412 749 iacere
422 691 531 764 impure
541 699 624 765 atque
637 700 718 763 tetre,
730 706 796 748 cum
806 690 965 747 temeritate
974 697 1002 745 et
1016 687 1199 762 impudentia.
1210 718 1247 733 -

88 782 127 836 At
141 781 187 853 qui
202 779 305 862 saluipri
321 788 349 837 et
361 778 507 837 moderato
519 781 595 838 cuitu
614 789 696 854 atque
715 781 788 838 victu
803 779 888 854 quieti
907 795 937 836 se
954 777 1114 849 tradiderit,
1127 794 1158 835 ea
1170 786 1250 851 parte

88 869 188 940 animi,
201 885 264 940 quae
277 869 378 927 mentis
392 878 419 926 et
430 870 539 927 consilii
551 878 611 941 est,
624 870 728 943 agitata
746 877 774 927 et
793 877 900 936 erecta,
915 876 1092 940 saturataque
1111 868 1251 925 bonarum

88 959 293 1034 cogitationum
304 958 391 1031 epuiis
396 978 405 1032 3
418 975 505 1033 eaque
524 969 602 1034 parte
620 960 726 1032 animi,
745 960 958 1034 quaevcicptate
977 959 1070 1030 alitur,
1086 974 1139 1017 nec
1154 957 1248 1032 inopia

88 1056 190 1110 enecta
200 1049 388 1107 necsatictate
399 1049 522 1107 aiiluenti
539 1049 666 1123 (quorum
678 1058 827 1124 utrumque
839 1049 1035 1123 praestringere
1051 1050 1141 1107 aciem
1149 1050 1252 1108 mentis

90 1139 179 1207 sciet,
195 1137 252 1194 sive
268 1136 346 1195 deest
366 1145 473 1196 naturae
495 1139 652 1214 quidpiam,
666 1140 723 1196 sive
733 1138 857 1197 abundat
869 1146 952 1210 atque
964 1138 1083 1207 affluit),
1099 1138 1144 1195 iiia
1162 1138 1250 1196 etiam

92 1228 173 1286 tertia
189 1235 266 1301 parte
275 1228 369 1297 animi,
384 1228 412 1284 in
425 1245 477 1303 qua
490 1229 595 1287 irarum
604 1229 713 1286 exsistit
722 1226 921 1295 ardor,'sedata
935 1235 1018 1301 atque
1030 1227 1163 1285 restincta
1175 1235 1248 1285 :tum

91 1318 212 1388 eveniet,
225 1316 332 1375 duabus
344 1317 429 1375 animi
440 1318 596 1376 temerariis
607 1319 733 1393 partibus
744 1316 919 1391 compressis,
930 1326 961 1374 ut
976 1317 1022 1374 iiia
1035 1317 1117 1375 tertia
1132 1317 1196 1390 pars
1206 1334 1252 1374 ra·
1300 1351 1303 1358 ,

91 1407 175 1465 tionis
187 1414 215 1463 et
226 1405 328 1464 mentis
340 1406 459 1476 eluceat,
471 1415 499 1464 et
510 1423 539 1464 se
552 1415 675 1481 vegetam
688 1405 725 1463 ad
738 1405 935 1463 somniandum
946 1420 1095 1478 acremque
1108 1405 1233 1478 praebeat
1248 1423 1254 1459 :

91 1502 153 1552 tum
167 1495 194 1552 ei
208 1495 267 1553 visa
282 1496 382 1570 quietis
393 1505 539 1554 occurrent
548 1497 699 1570 tranquilla
710 1505 793 1571 atque
810 1496 956 1554 veracia.»

126 1586 197 1644 Haec
211 1586 293 1643 verba
307 1584 365 1659 ipsa
376 1586 502 1644 Platonis
517 1587 649 1660 expressi.

485 1892 614 1957 Ἀπολογία
626 1893 708 1958 Σωκρ.
725 1891 811 1957 κεφάλ.
828 1894 869 1942 32.

213 2001 259 2097 έὶς
275 2020 374 2092 πολλὴ
392 2016 477 2096 attic
494 2021 576 2085 ἐστιν
598 2019 713 2112 ἀγαθὸν
734 2019 810 2086 αὐτὸ
830 2011 915 2085 εἷναι.
935 2022 1024 2085 Δυοῖν
1042 2015 1101 2112 γὰρ
1123 2017 1249 2114 θάτερόν

93 2141 158 2207 ἐστι
178 2140 216 2208 τὸ
233 2141 393 2210 τεθνάναι·
421 2139 517 2238 ἢγὰρ
545 2140 588 2224 οἷς
607 2136 703 2236 μηδὲν
728 2137 803 2210 εἶναι
830 2132 907 2235 μηδ’
931 2139 1067 2215 αἴσθησιν
1094 2135 1248 2236 μηδεμίαν

92 2258 224 2361 μηδενὸς
246 2269 322 2361 ἔχειν
344 2270 398 2337 τὸν
423 2268 596 2336 τεθνεῶτα·
620 2267 651 2353 ἢ,
676 2266 759 2337 κατὰ
784 2265 826 2335 τὰ
845 2268 1005 2363 λεγόμενα,
1021 2262 1183 2360 μεταύολύ
1204 2296 1249 2350 τις

93 2392 237 2491 τυγχάνει
255 2390 331 2462 οὖσα
348 2394 401 2462 καὶ
420 2395 592 2489 μετοίκησις
609 2406 665 2474 τῆς
685 2391 785 2488 ψυχῆς
803 2404 860 2462 τοῦ
880 2393 976 2463 τύπον
992 2404 1048 2462 τὀῦ
1070 2386 1187 2463 ἐνθένδε
1207 2396 1247 2476 εἰς

92 2511 185 2584 ἄλλον
204 2517 311 2589 τύπον.
328 2517 393 2586 Καὶ
411 2516 472 2588 εἴτε
491 2511 529 2596 δὴ
551 2511 689 2615 μηδεμία
704 2519 840 2600 αἴσθησίς
860 2523 954 2609 ἐστιν,
973 2521 1043 2587 ἀλλ’
1062 2518 1124 2589 οἷον
1143 2524 1246 2613 ὕπνος,

92 2633 215 2711 ἐπειδάν
231 2670 275 2723 τις
293 2635 447 2713 καθεύδων
473 2638 547 2739 μηδ’
558 2642 637 2742 Ιύνοιρ
665 2637 761 2740 μηδὲν
786 2650 853 2739 ὁρᾷ,
879 2645 1047 2740 θαυμάσιον
1070 2641 1178 2741 κέρδος
1210 2644 1246 2717 διν

92 2765 167 2842 εἴηὸ
187 2765 329 2847 θάνατος.
346 2758 420 2864 Epic
440 2769 497 2866 γὰρ
513 2765 549 2839 άν
572 2768 671 2865 οἶμαι,
694 2770 722 2838 εἴ
734 2798 804 2840 τινα
826 2764 1024 2864 ἐκλεξάμενον
1047 2762 1112 2841 δέοι
1129 2775 1244 2848 ταύτην

93 2900 148 2972 τὴν
168 2900 278 2985 νύκτα,
294 2901 326 2966 έν
342 2896 364 2992 ἦ
383 2903 465 2967 οὕτω
487 2893 687 2994 κατέδαρθεν,
713 2907 793 2969 ὥστε
813 2891 894 2993 μηδὲ
913 2898 984 2993 ύναρ
1010 2891 1098 2986 ἰδεῖν,
1119 2898 1245 2981 καὶτὰς

93 3019 189 3104 άκλας
204 3028 318 3104 νύκτας
338 3052 370 3095 τε
390 3024 442 3094 καὶ
463 3027 577 3121 ἡμέρας
598 3026 652 3107 τὰς
677 3038 731 3096 τοῦ
758 3027 826 3114 βίον
848 3037 902 3095 τοῦ
934 3031 1042 3093 ἑαυτοῦ
1071 3027 1246 3123 ἀντιπαρα-

93 3145 184 3216 θέντα
204 3149 303 3241 ταύτῃ
320 3158 360 3243 τῇ
379 3148 467 3218 νυκτὶ
490 3141 560 3218 δέον
586 3148 775 3244 σκεψάμενον
802 3152 905 3236 εἰπεῖν,
933 3150 1032 3229 πόσας
1050 3146 1172 3243 άμεινον
1194 3151 1246 3219 καὶ

92 3265 180 3350 ἥδιον
194 3278 309 3369 ἡμέρας
331 3277 382 3344 καὶ
396 3280 508 3357 νύκτας
528 3280 643 3360 ταύτης
660 3289 716 3360 τῆς
729 3280 838 3360 νυκτὸς
860 3276 1005 3365 βεύίωκεν
1024 3281 1054 3346 έν
1075 3285 1120 3365 τῷ
1136 3281 1247 3347 θαυτού
1291 3316 1294 3321 ’

94 3400 164 3489 βίῳ,
181 3395 267 3492 οἶμαι
281 3397 317 3470 θεν
337 3404 379 3495 μθ
396 3405 445 3470 ύτι
465 3394 591 3479 ἰδιώτην
617 3402 697 3490 τινὰ,
717 3402 798 3472 ἀλλὰ
819 3407 872 3473 τὸν
899 3407 995 3498 μέγαν
1020 3407 1151 3490 βασιλέα
1175 3409 1246 3473 etic-

95 3525 257 3620 ριθμύτους
277 3521 312 3594 άν
332 3531 424 3621 εὑρεῖν
445 3515 569 3625 [αὐτὸν]
591 3532 707 3607 ταύτας
726 3531 802 3622 πρὸς
823 3526 879 3608 τὰς
901 3526 998 3610 ἄλλας
1015 3534 1131 3624 ἡμέρας
1147 3533 1249 3599 τεκαὶ

92 3650 214 3729 νύκτας.
233 3649 273 3716 Εἰ
295 3648 346 3718 οὖν
363 3662 500 3720 τοιοῦτον
528 3659 544 3721 c‘
567 3652 699 3733 θάνατός
722 3659 802 3740 ἐστι,
820 3645 926 3749 κέρδος
947 3655 1043 3748 έγωγε
1066 3655 1159 3748 λέγω.
1183 3656 1249 3724 Καὶ

93 3773 150 3869 γάρ
166 3766 256 3842 οὐδὲν
279 3783 382 3844 πλεῖον
403 3782 497 3858 ὁπάς
515 3779 624 3872 χρύνος
646 3779 785 3869 φαίνεται
804 3782 885 3847 ούτιο
905 3770 943 3856 δὴ
969 3772 1080 3854 εἶναιῆ
1108 3780 1164 3872 μία
1181 3774 1246 3859 νύξ.

94 3899 131 3967 Εἰ
152 3889 182 3965 δ’
193 3896 232 3967 αὖ
252 3899 313 3969 οἷον
331 3893 534 3995 ἀποδημῆσαί
554 3908 635 3971 ἐστιν
655 3909 671 3970 ὁ
691 3899 822 3983 θάνατος
837 3894 947 3972 ἐνθένδ’
968 3903 1008 3983 εἰς
1026 3900 1120 3971 άλλον
1139 3905 1249 3990 τύπον,

94 4024 145 4092 καὶ
156 4025 255 4101 ἀληθῆ
277 4025 395 4096 ἐστιτὰ
411 4030 576 4123 λεγόμενα,
600 4036 639 4108 ὡς
658 4025 718 4121 ἄρα
740 4035 803 4098 ἐκεῖ
820 4029 876 4097 εἰσι
896 4029 1008 4109 πάντες
1032 4029 1060 4097 οἱ
1080 4031 1251 4117 τεθνεῶτες,

96 4145 128 4214 τί
151 4139 252 4237 μεῖζον
270 4148 382 4245 ἀγαθὸν
406 4153 515 4220 τούτου
543 4149 585 4227 εἴη
616 4149 665 4240 ἂν,
693 4150 717 4218 ὦ
745 4145 853 4247 άνδρες
874 4145 1039 4240 δικασταίς
1061 4152 1099 4221 Εἰ
1124 4153 1181 4248 γάρ
1208 4181 1254 4233 τις

96 4272 277 4367 ἀφικόμενος
297 4273 336 4355 εἰς
351 4258 453 4372 ᾆδον,
474 4278 665 4372 ἀπαλλαγεὶς
681 4280 800 4347 τούτων
820 4286 881 4347 τῶν
899 4278 1080 4373 φασκόντων
1098 4269 1254 4346 δικαστῶν
