2790 4770
624 285 822 352 -294-

139 437 178 495 eo
200 424 357 503 claraeque
381 427 552 503 sententiae,
570 429 671 491 multa
695 430 792 491 etiam
813 444 941 491 morum
956 426 1055 508 gratia
1074 424 1228 504 legenda3
1243 421 1302 484 sed

137 528 170 591 iu
196 531 376 611 eloquendo
402 541 553 614 corrupta
567 540 727 617 pleraque,
744 544 839 616 atque
861 554 899 599 eo
921 533 1193 614 perniciosissima
1209 531 1299 610 qnod

136 635 299 698 abundant
309 638 457 701 dulcibus
465 638 548 701 vitiis
560 639 641 720 (1)».
655 642 744 702 Idem
762 643 856 719 paulo
870 645 943 701 ante
956 656 988 700 se
1005 639 1192 701 Ciceronem
1208 634 1301 697 valde

138 749 287 809 admirari
303 750 462 827 professus
482 754 529 812 est
547 769 577 810 :rr
588 749 664 813 Mihi
679 750 803 811 videtur
820 750 861 811 M.
878 748 1010 824 Tullius,
1029 762 1128 826 quum
1143 761 1175 806 se
1190 748 1301 805 totum

135 856 174 916 ad
193 854 403 919 imitationem
431 861 614 921 Graecorum
635 855 830 931 contulisset,
853 855 1013 917 effinxisse
1030 854 1094 916 vim
1106 851 1298 914 Demosthe-

56 1031 60 1035 ,
133 962 192 1038 uis,
218 964 344 1042 copiam
370 965 517 1041 Platonis,
539 966 775 1045 jucunditatem
797 962 942 1024 Isocratis
966 960 1018 1041 (Ξ).
1035 981 1050 1019 u
1072 961 1176 1037 Atque
1198 958 1297 1032 infra,

131 1087 232 1151 quum
255 1071 294 1131 ad
313 1070 520 1152 Philosophus
535 1072 671 1132 venisset
695 1090 701 1131 :
724 1070 940 1147 «Supersunt,
964 1065 1080 1144 inquit,
1096 1063 1206 1144 quide
1221 1063 1301 1124 Phi-

134 1178 280 1258 losophia
295 1180 490 1260 scripserint,
508 1199 572 1260 quo
593 1181 626 1241 in
638 1196 752 1260 genere
768 1176 975 1259 paucissimos
988 1176 1093 1237 adhuc
1109 1175 1300 1252 eloquentes

129 1287 244 1348 litterae
269 1305 410 1349 romanae
436 1289 589 1349 tulerunt.
617 1290 705 1348 Idem
738 1287 836 1365 igitur
855 1285 895 1347 M.
916 1284 1050 1359 TulliuS,
1076 1281 1132 1362 qui
1157 1280 1295 1360 ubique,

133 1392 228 1456 etiam
253 1394 286 1455 iu
313 1395 375 1456 hoc
391 1412 487 1473 opere
508 1395 648 1457 Platonis
674 1395 808 1457 aemulus
830 1391 952 1455 exstitit
979 1389 1033 1482 (3),
1053 1413 1067 1451 u
1095 1391 1187 1451 Haud
1203 1391 1300 1453 aliter

134 1519 230 1581 quam
244 1501 298 1563 ille
310 1501 407 1564 sensit
419 1501 599 1581 posteritas.
621 1505 752 1583 Magnus
767 1503 800 1563 in
814 1499 1019 1578 Philosophia
1029 1500 1140 1562 Cicero
1159 1499 1298 1575 eminet;

135 1608 254 1687 quippe
267 1608 323 1687 qui
336 1625 516 1671 sermonem
538 1609 632 1671 rebus
646 1609 736 1670 novis
751 1608 1031 1671 accommodatum
1046 1607 1218 1668 effinxerit.
1229 1608 1299 1668 lmo

133 1700 266 1783 cuilibet
283 1739 405 1796 eornm,
431 1739 510 1800 qnos
533 1722 647 1784 eodem
669 1720 702 1782 in
728 1737 844 1800 genere
860 1721 996 1781 disertos
1015 1717 1224 1798 amplissimis
1241 1737 1297 1779 ex-

134 1826 209 1888 tulit
237 1827 353 1889 Graecia
370 1826 528 1902 laudibus,
552 1807 635 1888 esset
657 1825 901 1903 comparandus,
928 1823 988 1885 nisi
1010 1824 1166 1886 deluisset
1187 1823 1236 1884 illi
1253 1825 1301 1901 <ut

136 1930 201 1993 dixi
223 1933 328 2013 supra)
344 1950 381 1994 ea
396 1933 504 2007 virtus,
531 1951 602 1995 vere
618 1931 746 2013 propria
761 1938 875 1994 nostrae
886 1933 981 2007 aetati,
1001 1948 1109 1992 rerum
1125 1930 1253 1993 scilicet
1268 1935 1301 1993 et

138 2039 306 2104 verborum
318 2058 424 2123 pressa
438 2040 609 2104 subtilitas.

569 2700 742 2778 CAPUT
769 2701 873 2780 VIII.

137 2985 295 3038 QUAERITUR
313 2986 377 3031 Num
405 2984 476 3030 ALIA
492 2987 601 3031 FUERIT
615 2987 758 3032 ELOCUTIO
775 2987 913 3033 CICERONI
935 2987 1020 3047 SUAS,
1038 2986 1109 3031 ALIA
1124 2985 1296 3034 GRAECORUM

179 3093 361 3138 SENTENTIAS
384 3093 582 3154 EXPRIMENT13
604 3095 667 3140 NUM
690 3097 756 3149 QUIS
772 3097 862 3142 INTER
881 3096 1079 3143 POSTERIORES
1093 3095 1300 3144 PHILOSOPHOS

179 3199 261 3245 novo
282 3201 382 3247 vnum
408 3201 563 3256 uovlsouu
590 3204 772 3251 sucurrones
795 3206 814 3250 n
837 3206 949 3253 cuncis
973 3205 1139 3252 purcussus
1165 3206 1304 3252 usuum-

183 3294 293 3353 veniri

180 3520 289 3583 Cicero
304 3521 419 3585 alicubi
435 3527 587 3603 praedIcat
599 3546 632 3590 se
646 3547 743 3608 opera
751 3532 933 3592 Graecorum
948 3536 982 3594 ut
997 3537 1171 3609 oratorem,
1186 3552 1252 3595 non
1267 3541 1304 3597 ut

137 3626 344 3706 interpretem
359 3630 392 3689 in
419 3632 553 3694 latinum
574 3638 780 3699 transtulisse.
798 3640 908 3699 Plures
928 3644 1033 3701 tamen
1047 3658 1085 3701 ex
1099 3641 1186 3702 illius
1201 3643 1305 3705 inter-

138 3734 367 3809 pretatiouihus
381 3738 448 3814 loci,
459 3741 673 3819 reperiuntur,
696 3746 779 3804 unde
794 3750 926 3822 apparet
940 3764 1013 3806 enm
1028 3748 1164 3806 multum
1181 3747 1304 3808 laborIs

138 3839 261 3902 dedisse
280 3848 317 3903 ut
342 3842 472 3904 verbum
488 3863 545 3922 pro
560 3847 657 3907 verbo
681 3848 839 3911 redderet.
859 3852 966 3928 ltaque
988 3851 1014 3910 is
1030 3852 1237 3913 vehementer
1251 3870 1303 3914 er-

171 4122 208 4187 (l)
227 4120 310 4181 Quint.
324 4125 385 4173 Inst.
399 4125 468 4172 Orat.
481 4121 510 4182 X,
530 4124 585 4173 129.

169 4207 205 4271 (2)
224 4205 308 4266 Quint.
324 4209 388 4258 lust.
403 4208 473 4258 orat.
488 4207 517 4265 ll,
535 4210 593 4259 108.

169 4290 205 4356 (3)
223 4288 307 4349 Quina
322 4294 384 4343 lust.
401 4293 470 4344 Orat.
485 4291 517 4356 Χ,
535 4295 592 4346 123.
