2790 4770
626 329 827 392 -238-

152 468 314 531 lotionibus
328 470 467 540 utantur,
483 484 562 545 quos
575 467 737 545 appellant
755 487 769 525 a
786 466 949 547 Tricrene»
965 474 997 530 et
1008 473 1228 530 sententiarum
1242 488 1311 530 cra-

151 575 298 656 tiom'sqne
320 574 440 654 screnis,
466 591 537 654 qua
564 578 679 635 vocant
705 572 913 653 «Σχήματα»
948 575 1044 635 :·Non
1066 572 1241 636 verisimile
1263 581 1313 638 est

152 679 304 763 quamsit
322 680 355 741 in
371 686 507 759 utroque
525 697 640 759 genere
655 685 687 741 et
706 679 820 741 creber
838 687 870 741 et
891 678 1060 743 distinctus
1079 683 1168 744 Cato.

192 795 265 872 Gap.
281 794 317 853 37
338 822 378 834 -—
448 787 604 850 Antonius
626 787 659 849 in
677 787 780 850 verbis
798 793 830 850 ct
854 787 1007 869 eligendis
1020 788 1136 872 (neque
1155 789 1187 851 id
1203 789 1313 869 ipsum

154 906 218 962 tam
233 894 350 977 leporis
365 914 460 957 causa
475 913 571 974 quam
586 894 759 975 ponderis),
783 901 814 959 et
829 896 1035 974 collocandis,
1058 904 1090 962 ct
1102 901 1314 979 comprehen-

154 1006 242 1070 sione
264 1002 489 1077 devinciendis,
520 1000 599 1063 nihil
617 1021 681 1064 non
706 1002 747 1064 ad
770 1002 927 1066 rationem
942 1011 974 1067 et
989 1011 1142 1086 tanquam
1162 1006 1203 1067 ad
1212 1013 1314 1069 artem

154 1117 325 1197 dirigebam
355 1130 463 1175 verum
488 1113 589 1173 multo
619 1111 719 1193 magis
740 1114 803 1176 hoc
827 1112 914 1178 idem
935 1118 976 1175 in·
986 1119 1207 1178 sententiarum
1224 1128 1316 1178 orna·

156 1229 262 1289 mentis
276 1228 307 1284 et
317 1219 605 1300 conformationibus
608 1264 671 1282 .....
692 1221 878 1302 «Σχήματα»
891 1220 977 1285 enim
990 1242 1063 1303 quae
1076 1228 1190 1286 vocant
1199 1222 1313 1300 Graeci,

157 1350 194 1394 ea
208 1327 345 1392 maxime
362 1332 477 1389 ornant
494 1331 689 1390 oratorem...
1258 1347 1261 1351 ’

197 1443 271 1519 Gap.
288 1441 349 1500 ll:
372 1469 414 1483 -
435 1438 471 1496 ln
487 1434 537 1496 his
559 1434 708 1496 omnibus
730 1435 812 1498 inest
824 1435 955 1515 quidam
971 1436 1039 1500 sine
1059 1439 1126 1501 ullo
1148 1439 1223 1502 fuco
1237 1438 1315 1502 veri·

93 1606 95 1611 .
158 1543 229 1606 tatis
244 1544 331 1605 color
348 1563 354 1604 :
381 1539 567 1621 quinetiam
592 1542 813 1621 comprehensio
828 1549 857 1605 et
873 1544 1003 1606 ambitus
1025 1545 1081 1607 illc
1102 1547 1264 1609 verborum
1278 1546 1316 1629 (si

159 1650 205 1712 sic
223 1671 238 1709 a
254 1647 409 1729 Περίοδον»
429 1647 581 1728 appellari
593 1650 709 1728 placet)
720 1655 788 1712 erat
800 1652 885 1730 apud
899 1650 990 1713 illum
1005 1658 1188 1717 contractus
1203 1653 1319 1717 ethre·

159 1762 220 1840 vis3
234 1766 264 1823 et
279 1740 312 1820 in
335 1760 471 1821 membra
492 1757 651 1837 quadam,
665 1778 737 1838 quae
755 1782 771 1819 a
795 1762 879 1820 Κῶλα
892 1784 907 1821 u
924 1760 1026 1826 Graeci
1051 1768 1178 1841 vocant,
1195 1754 1317 1844 disper·

159 1870 259 1933 tiebat
275 1868 451 1930 orationem
469 1863 632 1929 libentius.
1071 1933 1073 1936 ,

194 1976 268 2054 Cap.
284 1975 324 2035 76
339 1989 347 2034 :
364 2006 404 2017 --
418 1969 544 2050 Reliqui
559 1954 642 2048 sunt,
660 1970 714 2050 qui
734 1973 851 2035 mortui
864 1974 939 2049 sint,
963 1976 997 2038 L.
1013 1977 1205 2056 Torquatus,
1223 1995 1320 2062 quem

162 2091 196 2148 tu
211 2089 354 2146 nontam
370 2080 433 2144 cito
448 2082 606 2165 dilectorem
616 2079 747 2143 dixisses
761 2083 806 2163 (et
819 2082 845 2144 si
859 2101 926 2146 non
941 2087 1052 2177 deerat
1070 2088 1194 2169 oratio),
1211 2106 1319 2170 quarn,

163 2201 198 2257 ut
212 2190 313 2257 Graeoi
329 2189 449 2266 dicunt,
471 2186 654 2250 «Πολιτικόν.
671 2210 686 2248 r
916 2187 919 2191 ’

201 2299 277 2377 Cap.
294 2300 333 2358 79
360 2315 366 2356 :
393 2287 434 2341 -’-
458 2296 556 2377 Erant
570 2299 676 2356 autem
696 2298 728 2355 et
748 2285 909 2358 verborum
924 2306 952 2359 et
966 2302 1190 2362 sententiarum
1206 2300 1265 2364 itta
1280 2302 1324 2365 tn·

164 2408 259 2477 minc,
276 2420 347 2481 quae
359 2406 474 2463 vocant
487 2400 587 2461 Graeci
606 2424 620 2456 a
634 2398 816 2480 Σχήματα.»

204 2511 326 2582 Orator,
348 2525 418 2585 cap.
434 2509 452 2567 3
472 2525 479 2567 ε
495 2507 610 2566 -Has
629 2525 732 2567 rernm
745 2506 866 2582 formas
881 2510 1018 2588 appellat
1038 2509 1172 2578 «Ἰδεάς»
1191 2510 1247 2576 ille
1258 2531 1324 2577 non
1384 2507 1391 2529 '

166 2615 361 2694 intelligendi
383 2615 496 2685 solum,
514 2606 678 2674 sedetiam
701 2611 827 2675 dicendi
849 2613 1050 2694 gravissimus
1075 2622 1190 2679 auctor
1209 2623 1241 2680 et
1261 2635 1325 2679 ma·

165 2722 271 2804 gislan,
289 2725 415 2785 Plato...

204 2834 278 2911 Cap.
299 2835 332 2892 tt
362 2850 428 2892 :-
450 2828 511 2892 Sed
535 2827 567 2888 in
591 2826 677 2889 omni
700 2847 733 2889 re
756 2827 982 2891 difficillimum
1007 2835 1066 2906 est,
1084 2829 1219 2902 formam
1236 2833 1320 2910 (quae

170 2937 372 3022 «Χαρακτὴρ»
395 2940 502 2997 Graece
525 2932 652 3010 dicitur)
677 2951 834 3011 exponere
853 2931 974 3012 'optimi
999 2935 1111 3014 :quod
1137 2933 1224 3011 aliud
1251 2933 1321 2996 aliis

166 3042 290 3105 videtur
305 3042 472 3122 optimum.

206 3153 280 3227 Gap.
301 3152 337 3207 m
355 3167 362 3208 :
379 3179 417 3191 -
431 3148 505 3205 Haec
519 3149 670 3205 tractasse
693 3145 963 3225 Thrasymachum
979 3145 1230 3208 chalcedonium
1252 3143 1321 3225 pri-

167 3274 268 3332 mum,
306 3261 338 3316 et
368 3250 558 3314 Leontinum
604 3253 708 3312 lerunt
731 3251 892 3330 Gorgiam3
919 3253 1124 3315 Theodorum
1153 3252 1229 3316 inde
1263 3254 1322 3333 By·

166 3361 315 3438 nantium,
333 3362 514 3440 multosque
538 3357 615 3421 alios
640 3377 719 3437 quos
747 3380 762 3416 a
777 3359 986 3436 Λογοδαιδάλους
1011 3360 1091 3440 (1)»
1124 3362 1266 3442 appellat
1290 3358 1321 3419 in

167 3468 301 3531 Phaedro
318 3468 474 3556 Socrates.

208 3581 283 3657 Gap.
301 3582 338 3638 ll
365 3597 371 3638 :
395 3579 522 3637 -Haec
557 3574 652 3654 igitur
682 3579 816 3653 questio,
838 3591 855 3634 a
873 3571 1010 3651 propriis
1026 3572 1170 3653 personis
1185 3580 1217 3637 et
1242 3553 1322 3635 tem·

167 3686 297 3768 poribus
312 3688 350 3749 ad
375 3683 511 3747 universi
525 3685 649 3764 generis
666 3684 843 3745 orationem
858 3677 1024 3759 traducta,'
1035 3684 1218 3762 appellatur
1235 3681 1323 3745 «Θέ-

169 3819 249 3864 Οἱς.»

207 3908 282 3985 Cap.
299 3909 358 3967 ta:
379 3935 419 3949 -··
487 3904 549 3964 Sed
565 3908 596 3964 et
607 3904 714 3965 Graece
727 3902 765 3963 ab
782 3904 961 3981 eloquendo
981 3926 996 3962 a
1011 3901 1131 3984 Ῥήτωρ,
1147 3927 1161 3963 u
1183 3910 1216 3966 et
1228 3900 1323 3967 latine

174 4039 188 4075 u
202 4018 367 4096 eloquens»
392 4008 496 4074 dictus
512 4019 570 4074 est.
1292 4027 1297 4033 ·

204 4280 238 4344 (l)
256 4277 329 4342 Cujus
343 4274 442 4341 quidem
460 4271 527 4322 verbi
543 4269 777 4338 interpretationem,
798 4278 826 4320 ut
841 4268 904 4320 mihi
917 4268 1023 4333 videtur,
1043 4269 1109 4336 apud
1127 4268 1270 4319 Ciceronem
1286 4280 1324 4318 re·

169 4367 247 4436 peries
259 4365 366 4429 (Brutus,
379 4375 433 4425 cap.
448 4360 500 4422 at),
513 4372 590 4424 quum
604 4350 679 4407 Stoici
690 4354 721 4406 ab
735 4369 764 4405 eo
777 4363 896 4406 vacentur
907 4377 918 4398 a
930 4352 1053 4407 architecti
1066 4352 1204 4408 verbereum.
1217 4373 1230 4398 u
