2790 4770
641 338 840 402 -172-

218 485 261 549 Π.
277 517 330 528 -
348 465 460 564 Ᾰθλιος
475 483 536 580 ἄρα
555 487 642 570 οὗτός
658 495 740 559 ἐστιν
758 481 964 586 ὀᾸρχίλαος,
979 491 1062 590 xor&
1074 495 1127 562 τὸν
1142 495 1194 562 σὸν
1207 494 1301 589 λόγον
1315 523 1324 580 3

215 607 250 673 Σ.
273 643 323 654 -
348 610 442 705 Εἴπερ
461 639 508 708 γε,
524 612 548 681 ὦ
567 617 647 707 φίλε,
667 608 785 697 ἄδικος.

539 808 601 867 Cio,
621 808 761 870 Τυπαῖον,
776 810 806 870 V,
823 828 877 878 cap.
897 816 935 864 12.

203 916 342 973 ...Velut
357 916 386 974 in
397 919 499 993 Gorgia
514 921 656 989 Socrates,
672 939 758 995 ‹iuunr
775 932 847 981 esset
858 941 891 981 εν
906 941 940 982 oo
951 928 1115 1000 quaesitum,
1134 930 1325 996 Menelaum,

163 1004 304 1064 Perdiccae
313 1005 413 1076 tilium,
424 1009 469 1080 qui
481 1017 540 1066 tuna
548 1009 786 1071 fortunatissimus
796 1013 954 1088 haberetur,
964 1032 1058 1074 nonne
1068 1018 1182 1077 beatum
1196 1024 1328 1093 putarett

199 1094 326 1151 -Haud
338 1097 506 1172 soio,iuquit
519 1119 525 1157 :
536 1115 679 1172 nunqnatn
688 1103 767 1181 enim
776 1120 838 1160 euru
852 1119 885 1161 oo
896 1105 1052 1163 collocutus
1063 1123 1137 1166 sum.

199 1213 236 1226 -
246 1185 310 1242 Ain’
322 1188 375 1244 tui
388 1204 424 1246 an
436 1189 515 1248 aiiter
529 1190 557 1249 id
573 1193 643 1251 scire
657 1210 712 1254 non
728 1195 829 1267 potes?

200 1303 235 1322 -.-
247 1275 329 1333 Nuito
343 1277 437 1335 modo.

200 1366 285 1422 -Tu
293 1365 376 1440 igitur
383 1367 459 1427 nede
467 1371 615 1428 Persarum
621 1371 733 1444 quidem
739 1389 803 1448 rege
813 1389 913 1447 magno
924 1382 1003 1448 potes
1013 1373 1115 1444 dicore,
1127 1377 1325 1438 heattrsnesit?

199 1482 235 1496 -
245 1457 288 1510 An
300 1471 351 1530 ego
364 1459 479 1531 possim,
488 1477 575 1533 quum
585 1461 721 1536 ignorem,
735 1477 819 1534 quarn
833 1464 869 1522 sit
880 1462 989 1532 doetus,
1000 1482 1085 1540 quam
1095 1467 1137 1525 vir
1149 1467 1259 1527 bouus?

199 1573 235 1586 -
247 1545 339 1615 Quid?
351 1548 421 1604 tuin
433 1565 466 1607 eo
480 1550 562 1607 sitam
576 1551 662 1608 vitam
676 1553 790 1633 beatam
801 1558 897 1627 putas?

199 1636 287 1689 -lta
299 1651 413 1708 prorsus
425 1637 565 1709 existimo,
578 1639 676 1712 bonos,
690 1641 787 1699 beatos
797 1661 805 1709 ;
817 1642 969 1716 improbos,
983 1645 1108 1704 miseros.

199 1753 234 1764 —
244 1723 329 1784 Miser
340 1741 405 1800 ergo
415 1728 586 1786 Archelaus?

199 1850 233 1862 -
243 1819 333 1886 Certe,
349 1818 370 1874 si
384 1816 512 1890 injustus.

530 2108 663 2165 Πλάτωνος
677 2110 822 2167 Μενέξενος,
840 2126 895 2174 κεφ.
911 2114 953 2160 20.

218 2209 293 2314 ὅτῳ
309 2230 367 2320 γὰρ
385 2218 474 2317 ἀνδρὶ
489 2225 527 2304 είς
550 2227 660 2295 ἑαυτὸν
675 2227 845 2319 ἀνήρτηται
862 2227 967 2296 ποίνπα
984 2223 1023 2296 τοὶ
1039 2230 1112 2322 πρὸς
1127 2221 1323 2324 εὐδαιμονίαν

163 2350 334 2444 φέρονταί]
353 2350 442 2444 ἐγγὺς
461 2353 587 2435 τούτου,
606 2351 658 2419 καὶ
684 2353 725 2443 μή
753 2355 783 2419 ἐν
809 2348 913 2432 ἄλλοις
937 2338 1132 2447 [ἀνθρώποις]
1158 2353 1324 2446 αἰωρεῖται,

164 2468 196 2552 ἐξ
210 2470 248 2538 ὧν
267 2469 332 2547 ded
351 2471 369 2547 ἢ
387 2483 487 2550 κακῶς
506 2468 688 2566 πραξάντων
709 2474 882 2542 πλανᾶσθαι
896 2475 1088 2570 ἠνάγκασται
1102 2477 1154 2544 καὶ
1168 2478 1324 2569 τᾴκείνου,

163 2605 266 2687 τούτῳ
287 2596 400 2689 ἄριστα
421 2601 665 2691 παρεσκεύασται
683 2592 747 2693 ζῇν,
770 2597 861 2677 οὗτός
881 2601 965 2667 ἐστιν
985 2606 1000 2668 ὁ
1019 2607 1147 2696 σώφρων
1167 2605 1220 2671 καὶ
1235 2602 1324 2682 οὗτος

164 2733 180 2795 ὁ
200 2719 336 2818 ἀνδρεῖος
354 2726 407 2792 καὶ
430 2724 591 2817 φρόνιμος·
618 2723 703 2804 οὗτος
720 2729 906 2820 γιγνομένων
929 2733 1099 2819 χρημάτων
1125 2728 1176 2795 καὶ
1201 2720 1323 2796 παίδων

163 2855 216 2923 καὶ
231 2845 497 2947 διαφθειρομένων,
517 2850 656 2943 μαλιστα
676 2851 814 2920 πείσεται
835 2864 874 2946 τῇ
897 2853 1069 2947 παροιμίᾳ·
1091 2855 1236 2950 οὔτεγὰρ
1251 2857 1323 2950 χαί-

166 3008 223 3070 ρων
243 2982 313 3047 odae
330 2979 517 3070 λυπούμενος
539 2972 617 3069 ἄγαν
637 2982 805 3066 φανήσεται
825 2969 878 3043 διὰ
896 2979 932 3044 τὸ
947 2983 1032 3067 αὐτῷ
1051 2980 1241 3050 πεποιθέναι.

543 3176 605 3237 cin,
624 3177 764 3236 Τυπαῖον,
781 3178 810 3237 t',
827 3195 880 3245 cap.
901 3181 939 3230 tt.

199 3290 273 3362 Quid
286 3306 351 3346 vero
364 3287 393 3343 in
405 3287 566 3361 epitaphio?
585 3291 640 3360 quo
659 3288 745 3345 modo
766 3288 859 3345 idena?
876 3293 975 3347 «Nam
995 3292 1039 3348 cui
1059 3293 1129 3362 viro,
1149 3295 1241 3367 iuquit
1259 3297 1315 3369 (So

162 3383 271 3451 crates),
288 3396 363 3435 exse
382 3380 441 3451 ipso
464 3386 525 3450 apta
542 3386 607 3433 sunt
619 3378 731 3446 onmia,
752 3394 814 3449 quae
832 3378 866 3434 ad
880 3379 960 3436 beate
979 3381 1128 3438 vivendum
1141 3381 1255 3450 ierunt,
1271 3401 1323 3441 neo

163 3484 295 3540 suspensa
314 3467 432 3523 alioruin
445 3475 491 3522 aut
505 3467 577 3522 botro
591 3481 655 3522 casu
669 3476 712 3521 :rut
730 3467 886 3533 contrario,
903 3465 1023 3539 pendere
1038 3484 1071 3525 ex
1089 3470 1202 3527 alterius
1217 3475 1325 3529 eventis

161 3567 188 3614 et
200 3571 293 3614 errare
306 3564 444 3628 eoguntur
462 3573 468 3610 :
486 3555 550 3610 huie
565 3555 670 3626 optimo
685 3555 792 3610 vivendi
812 3557 882 3611 ratio
893 3565 1063 3627 eomparata
1080 3566 1131 3614 est.
1151 3560 1206 3616 Hie
1220 3570 1263 3618 est
1275 3564 1324 3620 iile

163 3649 339 3711 moderatus,
353 3645 397 3700 hie
410 3644 501 3710 fortis,
514 3643 558 3698 trio
573 3645 695 3716 sapien53
716 3643 779 3710 hie,
797 3652 825 3699 et
838 3646 1018 3702 nascentibus
1032 3654 1060 3702 ot
1076 3646 1240 3705 cadentibus
1256 3666 1322 3707 eum

162 3735 275 3809 reliquis
287 3733 463 3803 uonnnodis‚
484 3741 544 3788 tum
557 3733 677 3787 maxime
695 3733 805 3800 tiberis,
824 3734 933 3806 parebit
949 3743 977 3791 et
996 3733 1108 3793 obediet
1126 3747 1269 3810 praeeepto
1285 3739 1323 3795 ilii

164 3834 247 3882 veteri
260 3866 266 3880 ·
334 3904 418 3969 Neque
432 3902 498 3951 enim
509 3903 631 3952 laefflhitur
643 3920 761 3968 tunquam,
776 3920 822 3952 nec
833 3903 946 3954 monebit
955 3904 1036 3965 nimis,

332 3989 402 4051 Quod
412 4004 506 4054 semper
520 3989 546 4037 in
559 4004 583 4038 se
599 3989 650 4054 ipso
665 4004 762 4038 omnem
774 4005 841 4054 spem
853 3999 928 4055 ponet
939 3989 977 4039 sui
989 3992 1032 4054 (1).
1049 4011 1061 4034 ν

198 4186 233 4250 (l)
252 4185 306 4234 Non
324 4182 396 4245 male,
411 4190 439 4230 ut
453 4180 549 4246 opinor,
566 4179 616 4230 haec
640 4197 684 4246 pro
707 4180 833 4229 versiculis
855 4179 943 4230 habuit
955 4179 979 4231 J.
998 4180 1027 4231 V.
1052 4180 1324 4248 Lecierq.—0reliius

163 4281 244 4322 autem
253 4267 421 4320 auctoritatem
436 4265 548 4324 Bentleii,
562 4282 635 4332 quem
645 4264 734 4315 scimus
745 4264 851 4331 primunr
864 4263 1000 4329 quaesivisse
1008 4264 1051 4330 qni
1068 4265 1205 4317 carminum
1219 4268 1323 4320 istorum

163 4354 259 4405 numen
272 4361 362 4413 essent,
375 4349 467 4418 sprevit
479 4365 508 4400 oc
522 4350 668 4417 repudiarit.
