2790 4770
579 306 847 381 -255-⁴

589 627 626 673 De
639 624 700 671 Nat.
714 626 790 670 Dcor.

144 873 212 935 Lib.
226 872 264 948 ΙΙ,
279 888 349 948 cap.
367 873 386 931 5
404 888 412 930 :
428 900 470 943 ÷
538 869 619 929 Tum
633 864 755 927 facibus
771 862 844 925 visis
856 865 1053 941 coelestibus3
1075 871 1145 928 tum
1156 870 1254 930 stellis

106 980 155 1056 iis,
172 997 251 1059 quas
264 977 365 1040 Graeci
381 977 519 1055 Κομῆτας,
535 974 635 1035 nostri
651 973 777 1034 crinitos
793 978 948 1034 vocant...

148 1089 221 1166 Gap.
242 1090 277 1148 tt
300 1106 365 1147 :—
377 1085 592 1163 Princtpotem
605 1088 712 1144 autem
727 1082 758 1141 id
775 1081 858 1155 dico,
878 1082 961 1160 quod
976 1083 1076 1144 Graeci
1087 1081 1261 1162 Ἡγεμανιαόν

107 1199 244 1258 vocant:
265 1210 329 1273 quo
344 1190 422 1253 nibil
437 1190 470 1252 in
497 1207 626 1269 quoque
645 1204 759 1267 genere
777 1203 837 1249 nec
857 1191 972 1264 potest,
997 1205 1056 1249 nec
1077 1189 1174 1251 debet
1190 1206 1258 1252 esse

108 1303 320 1386 praestantius.

149 1414 302 1494 Gap.18:
332 1441 372 1454 -
393 1406 559 1486 Quumque
575 1407 647 1467 duae
665 1405 776 1466 formae
796 1409 982 1483 praestantcs
1006 1405 1080 1481 sint,
1101 1424 1142 1466 ee
1155 1407 1260 1468 solidis

109 1521 214 1602 clebus
234 1516 292 1596 (sic
306 1513 391 1577 enim
410 1512 532 1594 Σφαῖραν
544 1511 746 1590 interpretari
763 1511 898 1589 placet);
915 1528 953 1572 ex
972 1511 1074 1589 planis
1089 1517 1195 1574 autem
1208 1518 1263 1576 cir·

109 1627 197 1688 cetur
217 1619 374 1694 aut-orbis,
390 1619 445 1698 qui
460 1616 568 1685 Κύκλος
580 1619 687 1681 Graece
703 1616 840 1679 dicitur:
858 1617 906 1678 his
923 1619 1046 1680 duabus
1061 1620 1173 1681 formis
1186 1639 1262 1684 con-

108 1732 204 1812 tingit
216 1730 301 1806 solis,
318 1734 354 1791 ut
368 1742 477 1790 omnes
492 1741 599 1786 earum
614 1730 719 1803 partes
740 1725 802 1786 sint
816 1726 900 1787 inter
915 1744 948 1789 se
971 1728 1181 1792 simillimae...

151 1843 226 1918 Gap.
256 1841 318 1901 20:
338 1868 378 1880 -
398 1835 476 1895 Nam
503 1851 540 1895 ea
562 1850 634 1912 quae
650 1836 778 1894 Saturne·
797 1836 886 1895 stelle
904 1835 1033 1912 dicitur,
1059 1837 1265 1919 metiorquea

110 1948 228 2012 Graecis
241 1943 436 2016 nominatur,
464 1957 536 2019 quae
558 1957 576 1999 a
597 1945 682 2001 terra
694 1939 782 2002 abest
796 1939 982 2018 plurimum,
1000 1945 1082 2004 XXX
1095 1945 1160 2006 tere
1174 1948 1263 2008 annis

111 2068 241 2117 cursum
265 2064 371 2111 suum
394 2045 561 2109 conficit...
574 2046 726 2107 -Poelo
744 2053 835 2123 post:
862 2048 946 2108 lnfra
966 2053 1073 2110 autem
1095 2049 1176 2112 hanc
1192 2070 1265 2130 pro-

111 2161 185 2242 pius
201 2179 219 2221 a
233 2164 316 2221 terra
342 2158 424 2219 lovis
449 2154 535 2217 stello
547 2152 657 2227 fertur,
674 2169 745 2230 quae
760 2152 873 2213 Φαέθων
890 2153 1008 2216 dicitur
1030 2176 1036 2216 :
1063 2173 1162 2237 eaque
1177 2176 1265 2220 eum-

114 2267 189 2330 dem
211 2266 265 2326 Xli
285 2263 447 2343 signorum
477 2258 588 2320 orbem
617 2257 706 2318 annis
723 2258 777 2318 XII
801 2259 940 2334 conticit,
960 2261 1163 2342 easdemque,
1187 2281 1265 2342 quas

112 2375 238 2440 Saturni
254 2371 355 2445 stella,
386 2366 484 2428 efficit
496 2365 529 2425 in
555 2368 649 2426 eursu
670 2363 846 2445 varietates.
864 2365 946 2427 Huic
962 2372 1070 2428 autom
1084 2369 1265 2446 proximum

112 2481 295 2545 inferiorem
311 2475 422 2538 orbem
442 2478 529 2535 tenet
545 2469 666 2550 Πυρόεις,
686 2489 756 2550 quae
773 2473 860 2533 stello
874 2475 980 2535 Mortis
999 2477 1197 2554 appellatur:
1215 2496 1267 2540 oa·

112 2607 174 2671 que
186 2589 242 2651 1111
263 2590 295 2647 et
317 2583 373 2646 XX
396 2578 570 2654 mensibus,
586 2578 636 2654 Vl,
653 2584 689 2640 ut
703 2578 827 2657 opinor,
850 2579 961 2642 diebus
977 2583 1092 2659 minus,
1117 2586 1267 2648 eumdem
1291 2620 1295 2626 ·

71 2762 74 2767 ,
111 2700 224 2761 lustrat
251 2691 373 2765 orbem,
403 2703 500 2767 quem
525 2685 596 2747 duaa
619 2684 808 2764 superiores
838 2688 922 2748 Intra
947 2689 1029 2749 hanc
1056 2695 1161 2753 autem
1182 2694 1269 2754 stello

112 2804 258 2866 Mercurii
280 2802 340 2861 est.
362 2797 405 2856 Ea
419 2793 540 2855 Στίλὸων
567 2794 744 2873 appellatur
758 2812 776 2854 a
790 2794 919 2856 Graecis.
933 2829 973 2841 -
990 2798 1090 2858 Paeto
1102 2805 1196 2877 post:
1214 2801 1265 2860 ln-

113 2912 187 2971 fima
210 2910 257 2968 est
285 2902 427 2983 quinque
449 2900 636 2973 errantium,
660 2904 817 2978 terraeque
836 2898 991 2977 proxima,
1016 2901 1116 2962 Stella
1146 2903 1267 2965 Veneris

112 3016 259 3097 Φώαφαρας
272 3013 390 3084 Graece,
405 3005 528 3086 hrtetser
540 3005 637 3066 latine
654 3003 781 3081 dicitur,
798 3022 898 3083 quum
910 3007 1131 3085 antegreditur
1145 3008 1261 3084 Solem;

33 3150 36 3157 ·
112 3141 213 3206 quum
227 3118 433 3197 subsequitur
447 3119 564 3187 autem,
583 3110 727 3193 Ἕσπερος.
764 3154 766 3159 .

152 3232 227 3309 Gap.
241 3230 303 3289 22:
333 3256 373 3267 -
450 3219 502 3282 Sic
524 3223 637 3279 natura
659 3217 770 3278 mundi
793 3235 904 3279 omnes
919 3225 1024 3282 motus
1044 3220 1142 3283 habet
1155 3224 1266 3284 volun-

112 3339 221 3414 tarios,
246 3338 424 3409 conatusque
438 3333 467 3389 et
488 3328 692 3406 appetitiones,
713 3342 790 3403 quas
806 3322 909 3406 Ὁρμὰς
922 3325 1023 3389 Graeoi
1035 3335 1157 3403 vocant,
1173 3331 1268 3392 ethis

112 3449 339 3513 consentaneas
367 3435 507 3498 actiones
533 3432 580 3494 sic
605 3430 748 3506 adhibet,
779 3437 813 3494 ut
840 3433 1055 3513 nosmetipsi,
1074 3437 1131 3515 qni
1154 3438 1268 3499 animis·
1380 3490 1383 3499 .

112 3568 279 3618 movemur
292 3551 325 3609 et
336 3542 492 3606 sensibus.
508 3539 591 3600 Talis
606 3537 703 3617 igitur
717 3554 806 3599 mens
822 3541 931 3600 mundi
947 3559 1046 3620 quum
1061 3543 1112 3620 sit,
1126 3545 1166 3606 ob
1182 3564 1268 3608 eam-

113 3683 176 3746 que
190 3673 322 3726 causam
347 3654 394 3715 vel
414 3650 584 3713 Prudentia
605 3647 652 3708 vel
672 3646 869 3708 Providentia
891 3649 1044 3728 appellari
1060 3658 1146 3715 recte
1168 3655 1268 3732 possit

113 3772 233 3854 (Graece
258 3763 345 3856 enim?
358 3757 475 3840 Πρόνοια
492 3752 631 3833 dieitur),
649 3752 718 3813 baec
735 3750 936 3830 potissimum
953 3755 1109 3834 providet,
1128 3766 1159 3820 et
1173 3759 1205 3819 in
1219 3760 1269 3821 his

113 3877 252 3938 maxime
265 3876 314 3934 est
329 3870 494 3945 occupata,
511 3860 652 3942 primum
668 3865 704 3921 ut
718 3861 857 3921 mundus
868 3878 964 3940 quam
979 3863 1161 3941 aptissimus
1174 3867 1215 3928 sit
1229 3868 1268 3928 ad

113 3975 378 4062 permanendum,
406 3967 522 4030 deinde
537 3969 573 4027 ut
588 3962 672 4024 nulla
691 3980 725 4024 re
740 3968 841 4042 egeat,
859 3963 996 4026 maxime
1012 3971 1118 4027 autem
1133 3968 1216 4029 utin
1231 3986 1268 4030 eo

114 4086 232 4150 eximia
244 4076 448 4161 pulchritudo
462 4074 502 4136 sit
513 4076 608 4151 atque
629 4070 733 4130 omnis
748 4074 888 4131 ornatus.

154 4193 230 4270 Cap.
244 4191 306 4250 ab:
333 4217 369 4229 -
386 4181 552 4244 Saturnum
576 4181 684 4235 autem
697 4190 770 4236 eum
788 4190 855 4236 esse
871 4175 1049 4249 voluerunt,
1066 4176 1121 4254 qui
1136 4193 1266 4239 cursum

116 4306 148 4366 et
168 4293 408 4362 conversionem
427 4285 602 4367 spatiorum
629 4299 667 4344 ac
690 4286 873 4360 temporum
886 4283 1088 4363 contineret,
1105 4282 1159 4363 qui
1184 4287 1267 4348 Deus
