2790 4770
656 313 858 375 -106-

180 436 245 500 hile
268 444 422 518 quantum
444 443 589 506 Ciceroni
616 451 745 526 praestet
769 450 945 527 Lucretius,
967 451 1022 530 qni
1043 452 1136 532 paulo
1162 456 1254 515 aetata
1278 452 1340 516 luit

181 546 330 612 inferiori
353 584 393 596 -
408 553 556 615 Ceterum
584 558 709 636 poetica
723 576 837 638 arsque
856 558 990 621 metrica
1009 559 1059 621 vix
1073 559 1113 620 ab
1138 559 1340 622 incunabulis

182 657 333 736 paulatim
349 658 602 738 perficiebantur,
625 682 724 744 quum
744 666 852 728 Cicero
870 667 910 728 ad
929 663 1133 729 scribendum
1146 682 1273 727 carmen
1286 683 1340 727 ac-

183 759 286 823 cessit.
315 763 434 844 ltaque,
464 786 562 847 quum
586 770 636 831 vix
655 772 785 850 triginta
814 773 1067 834 ePhaenomenis
1095 777 1212 853 queant
1236 772 1339 852 excipi

182 884 300 945 versus,
325 870 380 948 qui
406 872 506 952 perite
536 876 700 954 particulis
735 876 767 936 in
794 876 1046 939 commodiorem
1075 879 1181 940 locum
1214 876 1341 958 rejectis

183 977 377 1054 dividuntur,
399 982 593 1046 versificator
616 988 722 1047 tamen
747 985 831 1046 haud
855 987 1105 1048 contemnendus
1126 984 1298 1061 videbitur,
1314 987 1341 1048 si

184 1087 276 1148 rudia
302 1087 443 1167 priorum
475 1098 640 1169 poetarum
677 1095 854 1174 fragmenta
878 1094 1027 1158 attentius
1061 1096 1121 1158 hac
1149 1095 1181 1157 iu
1215 1097 1255 1157 re‘
1281 1109 1343 1157 res·

184 1211 318 1274 pexerrs.
1278 1211 1281 1216 '

619 1818 906 1897 cxeurvu.
962 1803 963 1806 ‘
1035 1817 1039 1822 ’
1103 1799 1105 1803 ’

187 2046 226 2090 DE
253 2046 380 2093 POETICA
397 2047 436 2092 AC
456 2048 494 2092 DE
513 2050 551 2093 Ru
568 2050 700 2095 nudaret
718 2050 736 2095 Α
752 2051 779 2095 L.
802 2051 974 2097 nxuaorllco
990 2053 1083 2106 USQUE
1096 2052 1137 2096 AD
1156 2050 1345 2097 CICERONEM.

227 2170 266 2186 ··
281 2155 319 2199 DE
343 2154 478 2200 Accurrit
500 2155 538 2199 AC
560 2154 717 2200 rnosonln.
744 2173 786 2186 -
807 2156 1021 2202 consrlrulrufl
1039 2156 1199 2202 CARMlNUM
1218 2157 1349 2202 PERFEc·

227 2263 278 2309 ΤῙΟ
291 2252 387 2318 Arous
400 2264 563 2310 ABSOLUTIO
578 2267 656 2310 APUD
678 2265 823 2312 utrorum
839 2267 876 2311 ET
894 2267 1061 2314 HORATIUM.
1078 2281 1119 2296 -·
1131 2264 1272 2320 Quonooo
1286 2264 1347 2310 ΠΜ

229 2373 394 2419 GRAEGORUM
413 2374 593 2420 lmrxronns
618 2376 862 2422 INTERPRETESVE
889 2375 1037 2422 PROPRIUM
1064 2374 1181 2421 mourut
1208 2372 1348 2420 comatum

228 2480 443 2528 ammonium).

228 2688 262 2746 ln
288 2685 360 2762 illis,
381 2705 451 2766 quar
476 2706 570 2767 supra
589 2688 665 2763 dixi,
685 2707 747 2769 quo
764 2687 887 2750 facilius
900 2687 1130 2766 intelligeretur
1145 2687 1248 2765 qualis
1264 2693 1351 2751 esset

189 2793 312 2870 poetica
331 2794 414 2874 apud
442 2796 624 2856 Graecorum
644 2795 831 2874 interpretes
852 2795 970 2873 lingua,
992 2791 1155 2854 annalibus
1166 2791 1351 2856 litterarum

189 2900 229 2961 ab
254 2902 318 2962 alto
345 2900 498 2981 repetitis
530 2902 641 2965 vetusti
665 2901 819 2964 sermonis
844 2901 993 2981 reliquias
1008 2898 1185 2981 percensui,
1197 2918 1264 2961 non
1279 2899 1351 2962 sine

190 3027 316 3089 magno,
338 3012 449 3086 fateor,
479 3013 625 3093 Odysseae
647 3012 753 3073 latinae
788 3010 963 3083 desideri03
986 3009 1075 3088 cujus
1101 3007 1233 3088 quidem
1264 3009 1353 3089 frag-

190 3122 296 3178 menta
317 3117 484 3177 nonnullas
506 3117 681 3195 praestitere
696 3134 798 3192 vooeS,
818 3133 895 3194 quas
914 3113 1025 3176 leviter
1042 3112 1224 3174 immutatas
1237 3112 1352 3175 Cicero

190 3229 221 3285 et
246 3222 313 3301 ipse
324 3222 472 3303 Virgilius
487 3226 572 3286 velut
594 3224 733 3303 hospitio
749 3222 893 3303 excipere
910 3219 1030 3300 dignati
1046 3223 1130 3280 sunt.
1152 3220 1260 3292 Quum
1274 3238 1353 3282 vero

190 3330 268 3392 Livii
284 3332 426 3411 reliquiae
441 3331 611 3392 verborum
635 3329 882 3410 compositiones
895 3327 1010 3408 legenti
1030 3325 1197 3400 sufficiant,
1217 3326 1354 3388 venitin

192 3443 332 3499 mentem
347 3438 488 3516 ejusdem
505 3437 627 3517 generis
644 3437 794 3498 vocabula
815 3433 981 3497 eversihus
995 3431 1104 3506 Naevii,
1119 3431 1212 3492 Ennii
1228 3438 1355 3493 cetero

193 3562 326 3623 rumque
349 3550 514 3622 poetarum
540 3548 771 3621 excerperent
792 3542 872 3603 mihi
891 3543 1031 3603 Graecam
1051 3538 1355 3618 interpretationem

194 3658 247 3713 aut
268 3651 479 3714 imitationem
507 3652 662 3731 vestigare
680 3656 710 3713 et
732 3651 969 3729 quodammodo
993 3647 1119 3711 odorari
1137 3649 1259 3710 liceret.
1286 3651 1356 3712 Nec

194 3778 244 3822 me
266 3780 338 3839 spes
363 3778 440 3822 vana
454 3759 576 3823 hahuit.
593 3761 734 3839 Namque
758 3756 836 3817 mihi
860 3757 893 3816 in
914 3755 1064 3832 carmina,
1083 3775 1155 3837 quae
1184 3762 1262 3825 sunt
1282 3776 1357 3837 pos-

192 3876 265 3936 teris
292 3875 407 3935 tradita
430 3874 469 3935 ab
494 3875 556 3934 illis
586 3872 777 3946 auctoribus,
806 3871 978 3950 inquirenti
1001 3857 1135 3948 contigit
1157 3874 1192 3932 ut
1220 3889 1356 3933 uname

193 3982 301 4044 multis
317 3979 437 4043 ditandi
453 3982 606 4042 sermonis
623 3982 709 4042 latini
726 3981 881 4042 rationem
897 3979 1039 4059 partibus
1053 3977 1137 4039 haud
1158 3978 1357 4041 dissimilem

194 4087 238 4148 rei
263 4105 280 4148 a
306 4087 468 4148 Ronsardo
490 4091 643 4164 susceptae
658 4086 694 4164 (si
710 4101 805 4163 parva
822 4083 895 4145 licet
915 4099 1106 4161 componere
1121 4083 1258 4164 magnis)
1275 4086 1360 4147 mul-

196 4201 294 4274 toque
318 4192 495 4256 feliciorem
511 4192 595 4254 exitu
620 4191 868 4253 animadvertere
883 4206 919 4250 ao
936 4194 1047 4251 notare
1061 4187 1234 4267 potuerim.
1260 4190 1359 4251 Plura

197 4320 234 4364 ex
262 4301 300 4362 iis
323 4299 485 4363 vocabulis
514 4297 675 4378 usurpavit
701 4299 824 4374 Cicero,
852 4296 928 4359 licet
955 4296 1129 4358 admodum
1139 4298 1254 4357 cautus
1272 4294 1362 4358 timi-
