2790 4770
702 363 880 430 ...52-

317 518 364 588 Οὖ
378 512 438 612 γάρ
454 519 506 585 πώ
525 542 573 597 τις
589 509 665 612 τῇδε
683 524 843 614 παρήλασε
860 515 913 595 νηΐ
928 520 1068 616 μελαίνιρ,

314 642 384 738 πρὶν
400 646 430 738 γ’
441 645 543 737 ἡμέων
558 640 722 738 μελίγηρυν
738 644 801 714 άπὸ
816 643 984 740 στομάτων
998 645 1049 715 ὄπ’
1061 645 1194 717 άιιοῢσαι
1210 673 1219 691 ·

310 767 380 836 ἀλλ’
394 770 447 864 ὅγε
460 765 646 865 τερψάμενος
664 775 761 838 νεῖται
776 770 827 839 καὶ
841 744 968 841 πλείονα
982 762 1083 853 εἰδώς.

310 875 403 987 Ϊδμεν
417 892 476 990 γάρ
493 920 544 963 τοι
560 893 660 984 πάνθ’,
677 896 723 964 ὄπ’
741 895 784 964 ἐνὶ
800 896 897 991 Τροίῃ
916 897 1010 994 εὐρείῃ
1036 870 1039 879 Ι

308 1006 433 1115 Ᾰργεῒοι
447 1022 550 1117 Τρῶές
567 1047 599 1091 τε
614 1022 702 1090 Θεῶν
721 1021 821 1097 ἰότητι
838 1021 999 1118 μόγησαν·

304 1135 393 1240 ἴδμεν
413 1137 443 1214 δ’
456 1148 534 1215 ὅσσα
547 1150 672 1242 γένηται
690 1147 739 1216 ἐπὶ
757 1145 843 1243 χθονὶ
861 1145 1098 1244 πονλνάοτείρῃ.
1183 1224 1185 1228 ,
1280 1159 1282 1164 ’

302 1294 376 1350 Nam
384 1308 467 1351 nemo
477 1292 538 1353 haee
551 1309 676 1369 unquam
685 1302 728 1352 est
736 1302 908 1353 transvectus
919 1294 1021 1353 caerula
1030 1309 1125 1364 eursu,

301 1381 369 1455 quin
378 1384 455 1457 prius
467 1383 605 1442 adstiterit
618 1400 716 1442 voeurn
729 1382 873 1442 dulcedine
888 1392 996 1458 eaptus3

302 1477 366 1544 post
375 1472 456 1530 variis
466 1472 546 1531 avido
555 1473 669 1531 satiatus
679 1482 791 1548 pectore
802 1473 902 1547 musis,

296 1558 406 1619 doctior
414 1561 451 1620 ad
461 1562 563 1637 patrias
576 1563 667 1636 lapsus
678 1564 834 1637 pervenerit
849 1579 923 1622 oras.

298 1649 357 1706 Nos
369 1666 451 1725 grave
464 1659 607 1710 certarnen
620 1652 685 1710 belli
699 1652 861 1727 clademque
875 1660 1014 1722 tenemus,

298 1738 405 1798 Graecia
416 1755 500 1816 quarn
509 1742 601 1817 Trojae
611 1741 706 1800 divino
716 1742 834 1800 numine
847 1741 935 1811 rexit3
949 1818 951 1822 Α

299 1829 449 1905 omniaque
463 1846 479 1889 e
491 1829 659 1890 latisrerum
673 1831 788 1906 vestigia
796 1833 893 1889 terris.

640 1983 784 2042 ,Ὀδυσσείας
797 2001 825 2048 ο,
850 1981 921 2036 135.”

299 2123 391 2200 Τοῒος
406 2116 465 2214 γάρ
480 2116 548 2198 νόος
564 2117 646 2187 ἐστὶν
664 2119 842 2213 ἐπιχθονίων
862 2116 1040 2214 ἀνθρώπων,

299 2239 361 2312 οἷον
379 2244 430 2314 ἐπ’
446 2239 530 2340 ἦμαρ
551 2240 645 2341 άγρσι
659 2247 763 2339 πατὴρ
781 2236 900 2339 ἀνδρῶν
919 2270 954 2314 τε
972 2246 1058 2313 Θεῶν
1070 2270 1106 2314 τε
1125 2231 1195 2340 (1).

609 2418 709 2487 August.
725 2418 775 2471 Ct‘v.
791 2419 847 2486 Dei,
863 2419 894 2486 V,
910 2424 935 2472 8.

299 2537 381 2597 Tales
389 2545 456 2597 sunt
464 2535 612 2597 hominum
625 2547 745 2608 mentes,
759 2539 833 2614 quali
843 2547 921 2616 pater
932 2539 991 2614 ipse

299 2624 407 2702 Jupiter
415 2627 561 2686 auctiferas
574 2628 702 2686 lustravit
717 2628 822 2687 lumine
832 2639 930 2688 terras·
1026 2665 1036 2684 .

648 2837 895 2853 Ἣ

235 2979 374 3041 Homero
398 2977 579 3040 conferatur
594 2975 727 3055 Tullius,
744 2983 776 3040 et
789 2983 952 3056 queratur·
972 2977 1036 3041 utri
1050 2977 1153 3043 Ennio
1170 2998 1212 3042 an
1229 2980 1348 3045 Andro
1371 2964 1374 2969 ¹

194 3084 268 3148 nico
286 3083 421 3148 similior
439 3084 490 3161 sit,
521 3083 566 3145 illi
593 3085 692 3164 magis
720 3097 793 3148 eum
816 3103 882 3149 esse
907 3085 1145 3150 assimilandum
1171 3088 1343 3168 apparebit.

196 3192 306 3256 Cicero
321 3190 406 3255 enim
420 3210 505 3255 nuno
517 3179 649 3255 verbum
663 3192 758 3256 verbo
771 3192 887 3269 reddit,
913 3211 999 3257 nune
1012 3193 1237 3274 pretermissis
1252 3202 1347 3260 trans·
1365 3190 1371 3219 ²

197 3299 380 3379 lenonibus,
406 3300 483 3380 ipsis
511 3300 606 3364 etiarn
629 3300 801 3378 vocabulis,
819 3300 908 3380 quasi
923 3300 987 3364 vim
1012 3302 1246 3366 sententiarum
1259 3303 1345 3366 unire

196 3407 378 3489 respiceret,
397 3404 521 3487 longius
547 3424 564 3468 a
596 3408 677 3470 duee
689 3488 691 3494 Ι
704 3412 793 3471 tanto
807 3409 983 3488 digreditur
1005 3427 1013 3469 :
1038 3425 1098 3472 nee
1110 3407 1143 3470 id
1160 3409 1240 3474 feeit
1253 3427 1291 3474 ex
1303 3409 1346 3471 in·

196 3517 326 3594 dustria,
341 3515 448 3593 crede,
462 3516 517 3578 sed
525 3514 631 3594 potius
643 3515 688 3578 rei
709 3514 894 3579 difficultate
904 3517 1016 3580 vietus.
1033 3517 1156 3598 Quippe
1169 3516 1237 3598 qui,
1254 3531 1344 3599 quum

194 3631 320 3688 tanturn
342 3624 412 3686 loea
440 3641 477 3684 ex
507 3622 608 3700 poetis
631 3624 758 3701 selecta,
791 3642 861 3703 quae
884 3641 953 3688 rem
980 3624 1179 3704 propositam
1206 3625 1345 3688 demons-

195 3736 291 3809 trent,
308 3733 451 3811 proierre
465 3729 549 3804 velit,
565 3748 625 3794 nee
638 3749 672 3794 se
683 3732 799 3811 ipsum,
816 3734 870 3795 sed
886 3732 1210 3810 Homerumindueat
1220 3731 1345 3813 loquer·

195 3846 272 3918 tem,
293 3855 388 3920 quarn
413 3836 596 3900 fidelissima
612 3845 719 3918 potest
744 3838 882 3918 imagine
897 3843 1043 3904 Graecum
1057 3838 1238 3918 exprimere
1249 3842 1344 3903 ratem

193 3946 227 4009 in
241 3947 347 4011 animo
365 3947 473 4027 hahet,
489 3965 675 4028 summaque
700 3948 831 4011 enititur
850 3967 911 4028 ope
925 3967 965 4013 ne
984 3950 1034 4014 vel
1048 3950 1161 4027 leviter
1176 3946 1343 4016 mumtaat

193 4074 284 4118 aures
310 4061 342 4120 et
355 4054 597 4137 intelligentiam
616 4045 798 4120 auditorum
817 4056 984 4121 Homerica
1003 4057 1165 4139 perveniat
1179 4061 1294 4125 oratio.
1313 4052 1343 4120 Si

225 4299 262 4367 (1)
275 4298 390 4352 Creditur
401 4299 486 4350 Cicero
498 4298 540 4348 illa
550 4298 659 4349 carmina
668 4295 695 4346 in
706 4296 810 4348 latinum
819 4298 927 4361 vertisse,
936 4315 1013 4366 quum
1020 4300 1106 4352 retulit
1113 4299 1140 4353 id
1149 4300 1217 4367 quod
1227 4301 1260 4355 de
1267 4298 1344 4353 atr'nt

190 4385 297 4439 hominis
307 4385 408 4439 sentiret
420 4383 571 4446 Aristoteles,
585 4383 651 4452 apud
663 4399 737 4451 quern
749 4383 834 4435 eadem
845 4384 940 4454 prolata
952 4386 1066 4452 teguntur
1076 4383 1118 4451 (de
1130 4384 1228 4455 natm,
1243 4384 1289 4452 lti,
1298 4388 1330 4452 8)-
