2790 4770
303 898 1006 1043 rnnsrs'ancunnnrun

514 1230 559 1279 ET
584 1229 776 1281 PARTITIO.

119 1905 152 1966 Si
168 1905 239 1984 quis
254 1905 346 1968 Tullii
372 1924 469 1984 opera
494 1912 525 1967 et
546 1923 583 1967 ea
607 1907 783 1984 prasertim
808 1925 879 1986 quae
902 1909 941 1968 ad
963 1924 1068 1968 mores
1091 1906 1233 1985 philoso-

73 2012 224 2092 phiamve
237 2012 407 2093 pertinent,
423 2013 572 2075 attentius
581 2015 761 2094 perlegerit,
770 2015 863 2077 facile
874 2015 1030 2096 intelliget
1044 2017 1233 2095 scriptorem

72 2121 167 2183 illum
194 2121 346 2200 plurimas
368 2124 537 2184 sententias
563 2124 761 2201 plurimaque
782 2123 878 2185 verba
903 2143 920 2186 e
949 2125 1063 2187 Gracis
1092 2124 1232 2188 insuam

72 2228 274 2290 transtulisse
293 2229 442 2308 linguam,
466 2229 510 2289 ita
529 2234 565 2289 ut
589 2229 672 2289 haud
689 2229 848 2291 immerito
867 2248 941 2292 eum
957 2230 1086 2310 Antiqui
1106 2234 1234 2292 Graecu-

72 2335 144 2395 lum
168 2332 331 2395 hominem
358 2335 539 2395 nominasse
563 2333 739 2396 videantur.
763 2334 885 2415 Quippe
907 2337 962 2416 qui
978 2338 1041 2397 sive
1057 2336 1232 2398 admodum

73 2441 330 2502 adolescentulus
354 2442 406 2520 (1),
425 2441 489 2502 sive
513 2444 605 2502 aetate
623 2440 688 2519 jam
702 2447 851 2520 provecta
866 2441 918 2522 (2),
938 2461 1036 2522 quum
1061 2443 1233 2505 debellatas

72 2546 220 2624 Pompeii
240 2551 343 2624 partes
368 2563 405 2607 ae
429 2546 447 2607 J
451 2593 457 2607 .
475 2547 630 2606 Caesarem
649 2562 755 2606 rerum
778 2545 922 2607 omnium
938 2547 1171 2608 dominatorem
1186 2547 1231 2608 vi-

73 2651 175 2726 deret,
192 2651 314 2713 Platoni
331 2650 510 2728 ceterisque
530 2649 754 2728 praestantibus
770 2648 896 2729 ingenio
914 2651 1000 2728 viris,
1018 2654 1072 2732 qui
1089 2653 1164 2733 σοφοί
1178 2671 1235 2714 no·
1321 2727 1324 2731 ⁴

73 2760 247 2835 minantur,
278 2777 310 2820 se
327 2765 431 2821 totum
457 2757 600 2820 tradidit.
631 2759 695 2819 Nec
709 2759 825 2820 frustra
841 2759 873 2818 in
890 2759 1021 2835 litteras,
1036 2760 1167 2822 velutin
1182 2767 1232 2822 tu-

73 2875 144 2930 tum
166 2869 299 2947 asylum,
330 2872 438 2927 rursus
466 2863 644 2943 confugisse
663 2865 848 2926 Ciceronem
873 2866 1052 2930 fatebimur.
1075 2868 1132 2928 Illo
1146 2868 1231 2928 enim

73 2971 279 3050 sagacissimo
295 2971 482 3050 sapientium
498 2973 681 3049 interprete,
700 2975 731 3032 et
746 2971 840 3033 rebus
854 2979 925 3034 ante
942 2974 1110 3054 incognitis
1125 2976 1233 3036 lumen

74 3078 259 3155 adhibente,
276 3082 359 3158 apud
390 3083 549 3141 Romanos
574 3081 702 3141 tandem
727 3087 956 3158 pernotuerunt
971 3083 1057 3144 varia
1072 3079 1232 3146 doctrina·

75 3202 148 3246 rum
167 3203 294 3264 genera,
311 3202 491 3264 novumque
517 3183 569 3264 (3),
599 3190 634 3245 ut
661 3185 704 3246 ita
719 3185 835 3261 dicam,
861 3187 959 3247 musis
982 3187 1086 3249 latinis
1099 3189 1234 3251 accessit

73 3295 183 3356 decus.

113 3402 275 3473 Quantum
290 3399 445 3486 valuerint
467 3397 618 3480 augendis
637 3397 815 3459 litteramm
840 3399 953 3479 opibus
975 3401 1029 3462 illa
1048 3401 1198 3463 eGraecis
1215 3420 1232 3462 a

73 3511 228 3573 Cicerone
255 3527 405 3572 conversa
431 3513 487 3569 aut
512 3505 636 3569 imitata
657 3506 805 3569 omnibus
824 3514 1029 3587 compertum
1048 3517 1106 3572 est.
1122 3511 1234 3573 Prolli-

107 3753 145 3812 (1)
165 3748 194 3796 A.
210 3747 239 3798 U.
256 3748 285 3797 C.
300 3751 348 3798 11116
363 3763 392 3796 ex
407 3746 480 3797 Orell.
497 3749 619 3796 onomast.
629 3745 680 3804 Vll,
691 3749 748 3812 2,p.
761 3750 844 3798 599.-
860 3746 945 3797 «Sulla
959 3749 1057 3797 consule
1071 3759 1095 3798 et
1107 3747 1232 3814 Pompeio,

60 3825 151 3900 'quum
171 3832 285 3898 princeps
303 3832 437 3883 Academia
458 3833 528 3882 Philo
546 3846 603 3881 cnm
621 3829 805 3880 Atheniensium
823 3832 981 3897 optimatibus
998 3834 1070 3884 domo
1090 3834 1233 3900 profugisset

74 3919 228 3984 Romamque
242 3917 352 3976 venisset,
369 3928 448 3968 totum
459 3918 480 3966 ei
494 3934 533 3967 me
545 3917 665 3967 tradidi.»

107 4004 146 4068 (2)
165 4003 194 4052 A.
207 4000 237 4051 U.
250 4001 278 4051 C.
296 4004 340 4052 lut
356 4012 394 4052 aet.
408 4002 457 4052 Lx.
475 4003 548 4052 Orell.
561 4005 683 4050 onomast.
698 4018 724 4068 p.
739 4006 787 4052 610
800 4020 826 4051 2«
838 4000 904 4051 Scito
919 4018 967 4064 me,
982 4013 1138 4070 posteaquam
1152 4004 1178 4053 in
1188 4004 1234 4056 Ur·

72 4088 129 4138 bem
140 4085 260 4146 venerim,
276 4085 364 4135 redisse
377 4102 433 4136 cum
444 4087 567 4137 veteribus
577 4085 671 4147 amicis,
681 4085 706 4135 id
716 4095 760 4150 est,
773 4103 831 4136 cum
842 4086 912 4137 libris
921 4088 1009 4138 nostris
1021 4088 1047 4137 in
1059 4088 1167 4154 gratiam.
1175 4102 1233 4153 2011,

75 4177 98 4223 l.
114 4171 205 4221 Cicero
219 4169 367 4221 1111111011
382 4168 406 4221 S.

107 4260 145 4320 (3)
168 4256 263 4305 Novum
275 4256 345 4316 die03
361 4256 416 4321 quis
429 4257 495 4305 enim
508 4265 565 4305 ante
580 4255 612 4304 M.
628 4255 735 4303 Tullium
752 4254 913 4321 philosophia
927 4256 1003 4306 lacem
1018 4256 1132 4306 Romanis
1146 4265 1235 4322 praetu-

71 4345 136 4393 lerat
145 4346 156 4391 ?
