2790 4770
632 777 804 857 CAPUT
835 781 921 858 Vll.

187 1049 253 1106 QUE
278 1046 393 1107 camel,
418 1048 485 1101 ΟΠΞ
506 1047 587 1096 NOVA
613 1048 780 1112 VOCABULA,
805 1053 871 1105 QUAE
894 1051 1046 1100 POSTREMO
1069 1053 1138 1100 smr
1163 1054 1335 1103 ralrsmra

345 1156 423 1202 APUD
442 1155 477 1205 Μ.
499 1158 528 1204 Τ.
552 1157 734 1228 CICERONEM,
758 1158 925 1207 abacorum
945 1161 1174 1210 lttrnaritttrmt.

223 1374 269 1434 Ex
281 1371 360 1448 istis,
375 1388 455 1450 quos
468 1389 563 1452 supra
574 1371 738 1452 proposui,
761 1372 974 1455 interpretatis
988 1376 1067 1438 loeis
1083 1375 1220 1458 intelligi
1237 1383 1339 1457 potest

184 1485 338 1561 quantum
351 1479 558 1542 elaboraverit
572 1480 625 1542 ille
640 1478 769 1560 ingenio
788 1483 1066 1562 praestantissimus
1081 1489 1200 1561 orator,
1217 1491 1254 1547 ut
1268 1486 1340 1547 Phi-

182 1582 359 1665 losophiam
373 1591 523 1662 veterem,
545 1594 563 1648 a'
581 1587 710 1650 Socrate
731 1593 845 1665 ortam,
866 1590 971 1652 latinis
981 1589 1096 1654 litteris
1106 1593 1294 1672 illustraret,
1310 1600 1339 1656 et

180 1716 294 1760 novam
317 1697 439 1778 primus
461 1696 565 1774 patrio
590 1714 737 1760 sermone
762 1699 892 1761 ditando
913 1701 1041 1763 laudem
1071 1709 1334 1782 consequeretur.

180 1806 245 1886 Ego
266 1822 351 1881 vero,
368 1803 499 1882 nequid
514 1803 687 1865 desiderari
705 1805 815 1883 possit,
830 1811 867 1868 ut
882 1809 936 1869 fiat
947 1806 1108 1887 judicium
1121 1810 1163 1872 de
1175 1810 1294 1872 virtute
1309 1815 1337 1872 et

178 1913 333 1993 elegantia
355 1911 516 1974 Ciceronis
539 1913 723 1974 Graecorum
747 1911 940 1991 interpretis,
968 1933 1079 1978 omnes
1103 1917 1281 1981 sententias
1302 1935 1336 1979 ac

177 2038 308 2085 vocese
335 2023 445 2084 Graeco
470 2037 632 2100 expressas
657 2019 781 2099 collegi,
804 2038 910 2100 operae
934 2022 1073 2101 pretium
1096 2023 1165 2085 fore
1189 2029 1289 2100 ratus,
1312 2023 1334 2085 si

174 2126 308 2207 quisque
330 2125 616 2187 Grammaticorum
644 2121 894 2206 studiosissimus
912 2125 958 2205 (ut
983 2133 1076 2189 antea
1096 2128 1177 2209 dixi)
1211 2135 1262 2192 tot
1292 2131 1336 2192 lo·

177 2252 231 2297 cos
244 2233 282 2314 (1)
293 2233 458 2335 utriusque
469 2233 585 2312 linguae
600 2231 785 2311 vestigando
797 2251 863 2295 non
877 2233 980 2296 otium
989 2235 1106 2298 frustra
1120 2242 1334 2300 consumeret.

208 2487 245 2553 (l)
264 2476 328 2548 Quos
343 2485 442 2553 quidem
460 2486 528 2535 locos
543 2486 629 2536 eodem
637 2485 730 2551 ,ordine
743 2485 834 2536 habere
847 2501 898 2535 non
912 2487 1043 2536 debemus:
1055 2486 1099 2536 alii
1112 2503 1171 2537 vero
1188 2487 1221 2538 ab
1235 2487 1289 2539 aliis
1300 2504 1333 2538 se·

176 2573 292 2624 cernendi
306 2572 368 2622 mihi
381 2573 503 2635 videntur,
519 2582 547 2622 ut
562 2572 616 2622 fieri
632 2581 705 2638 queat
719 2572 782 2622 inter
801 2589 841 2622 eos
856 2571 934 2622 facilis
947 2582 972 2623 et
992 2573 1105 2639 expedita
1121 2572 1249 2624 distinctio
1261 2592 1267 2625 ι
1280 2590 1333 2623 nam

176 2659 219 2725 qui
232 2675 262 2708 ex
275 2656 382 2708 Platonis
397 2656 581 2722 Aristotelisque
593 2657 708 2723 operibus
721 2658 829 2722 excerpti
845 2657 924 2719 fuere,
944 2657 971 2707 in
985 2658 1090 2709 latinum
1105 2675 1119 2708 a
1138 2658 1259 2710 Cicerone
1277 2676 1332 2710 con-

174 2743 246 2806 versi,
262 2743 280 2792 ii
295 2741 446 2810 perficiendae
456 2741 542 2807 linguae
554 2742 659 2792 multum
674 2744 848 2804 contulerunt3
864 2744 907 2809 qui
921 2752 1002 2794 autem
1016 2744 1107 2793 Zenoni
1121 2754 1147 2794 et
1163 2745 1273 2812 Epicuro
1290 2744 1331 2796 tri-

176 2830 267 2881 buendi
280 2839 337 2879 sunt
350 2827 399 2878 loci
417 2827 581 2893 perniciosum
599 2827 713 2877 Romanis
730 2827 893 2878 imitatoribus
906 2829 1044 2895 exemplum
1057 2846 1217 2896 proposuere.
1238 2831 1331 2882 Etenim

174 2918 211 2968 illi
220 2941 232 2960 ει
241 2916 340 2967 summis
350 2914 451 2980 ingeniis
460 2913 748 2979 exquisitaque-doctrina
759 2913 909 2980 philosophi,
920 2935 933 2958 u
944 2930 1005 2980 quos
1016 2929 1078 2980 saepe
1085 2914 1242 2980 amplissimis
1251 2916 1332 2966 Cicero

174 3003 287 3053 laudibus
300 3000 397 3062 extulit,
414 3008 497 3066 utpote
514 2998 557 3064 qui
578 2997 689 3062 ingenuis
710 2998 795 3048 studiis
814 2998 955 3064 artibusque
975 3000 1165 3060 delectarentur,
1184 3009 1210 3050 et
1224 3000 1298 3051 verba
1311 3007 1333 3049 et

174 3088 350 3138 sententiarum
364 3083 567 3134 conformationes
581 3082 607 3131 in
619 3083 742 3132 communi
756 3084 932 3134 consuetudine
944 3083 1060 3149 loquendi
1069 3096 1238 3150 sumpserunt.
1253 3087 1334 3150 ltaque

174 3188 274 3237 magnus
288 3179 391 3234 uterque
403 3167 504 3217 evadere
516 3168 633 3234 potuisset
646 3177 737 3219 orator.
745 3189 758 3213 «
768 3169 894 3218 Platonem
908 3167 1019 3219 existimo
1031 3168 1122 3234 (inquit
1130 3168 1218 3218 Cicero
1232 3169 1264 3219 de
1276 3169 1333 3238 oss.

174 3257 194 3321 1,
213 3259 246 3322 l),
257 3256 277 3304 si
289 3269 362 3320 genus
376 3252 470 3302 forense
483 3261 587 3302 tractare
597 3252 718 3314 voluisset,
732 3252 867 3318 gravissime
882 3262 906 3303 et
920 3253 1083 3318 copiosissime
1094 3253 1202 3318 potuisse
1216 3254 1331 3305 dicere.»

174 3371 205 3381 -
216 3339 369 3391 Aristotelem
379 3361 391 3380 ιι
401 3353 450 3385 non
464 3336 583 3386 deterruit
594 3336 745 3386 ascribendo
759 3337 893 3402 amplitudo
903 3335 1010 3387 Platonis
1021 3361 1033 3379 »
1044 3339 1121 3402 (Orat.
1132 3336 1153 3398 l,
1169 3338 1205 3403 5).
1218 3337 1268 3399 Qui
1278 3354 1332 3388 vero

173 3429 220 3478 luit
232 3427 283 3493 ipse
296 3425 429 3488 «eloquens
439 3432 463 3472 et
475 3422 614 3471 indicendo
627 3423 704 3471 suavis
713 3431 786 3486 atque
798 3431 920 3472 ornatus»
932 3423 1010 3490 (Orat.
1021 3423 1042 3485 l,
1057 3423 1107 3487 11).
1119 3422 1191 3484 Nam,
1205 3424 1272 3475 illius
1281 3441 1332 3474 sen·

173 3512 258 3574 tentia,
272 3525 343 3559 nemo
356 3509 492 3557 cumulatus
504 3506 570 3556 omni
584 3506 656 3556 laude
665 3506 825 3573 philosophus
836 3515 897 3570 erat,
908 3506 955 3556 nisi
967 3506 1049 3557 fuisset
1062 3507 1173 3557 omnium
1186 3524 1330 3575 magnarum

171 3615 253 3648 rerum
268 3594 395 3646 scientiam
413 3601 565 3643 consecutus.
579 3592 716 3653 —Quibus
736 3591 859 3657 expositis,
874 3592 982 3642 dubitari
996 3609 1046 3642 uon
1060 3593 1144 3659 [potest
1163 3595 1227 3660 quin
1239 3617 1251 3640 «
1261 3595 1330 3644 uber

172 3693 245 3734 tatem
256 3691 281 3732 et
293 3681 377 3730 silvam
390 3678 508 3728 dicendi»
519 3678 550 3726 ab
562 3678 609 3727 illis
623 3677 781 3744 scriptoribus
795 3677 877 3727 Latini
889 3678 1011 3728 duxerint.
1024 3677 1106 3738 Quid?
1115 3679 1182 3744 quod
1194 3679 1263 3730 idem
1274 3679 1330 3730 Tul·

170 3770 219 3819 lius
228 3769 258 3817 de
272 3765 378 3816 utilitate
385 3763 544 3831 philosophiae
554 3763 705 3813 Academicae
716 3763 743 3812 in
754 3771 875 3812 oratorem
884 3764 1034 3813 redundante
1046 3763 1080 3812 sic
1094 3764 1191 3829 scripsit
1202 3780 1208 3814 :
1222 3767 1330 3816 «Fateor

171 3872 209 3905 me
221 3862 351 3913 oratorem,
367 3851 387 3898 si
401 3851 473 3898 modo
492 3848 537 3897 sim
551 3859 593 3899 aut
613 3850 687 3899 etiam
705 3849 854 3914 quicumque
867 3849 920 3906 sim,
944 3866 994 3899 non
1017 3866 1046 3899 ex
1066 3849 1196 3900 rhetorum
1216 3852 1326 3912 officinis,

170 3943 211 3992 sed
221 3957 250 3991 ex
259 3935 392 3988 Academiae
400 3935 483 4002 spatiis
490 3935 625 3984 exstitisse»
635 3937 712 4000 (Orat.
719 3934 875 3999 :tt-Cicero
885 3934 958 3999 igitur
968 3935 1055 3985 litteris
1064 3935 1146 3985 latirus
1159 3936 1267 3987 maxime
1273 3954 1329 4004 pro·

169 4028 225 4087 luit,
236 4040 312 4092 quum
322 4045 333 4068 «
343 4021 425 4072 divina
433 4020 476 4069 illa
488 4019 610 4085 ingenia»,
619 4019 758 4086 interpretis
772 4019 869 4069 iunctus
881 4035 990 4080 munere,
1000 4021 1031 4070 ad
1041 4036 1142 4070 suorum
1151 4021 1245 4071 civium
1252 4031 1328 4072 trans·

168 4113 226 4164 tulit
238 4108 431 4160 admirationem.
447 4106 479 4155 At
488 4106 561 4171 idem,
578 4124 653 4173 quum
665 4108 776 4172 dogmata
787 4105 924 4155 Stoicorum
936 4115 978 4156 aut
992 4105 1168 4172 Epicureorum
1180 4108 1265 4166 vertit,
1279 4123 1327 4156 neu

167 4200 246 4248 solum
260 4194 412 4252 illiberalem,
429 4193 470 4242 sed
482 4193 555 4241 etiam
566 4193 647 4243 latinae
659 4194 745 4258 linguae
760 4191 898 4240 nociturum
910 4191 1018 4241 laborem
1030 4207 1152 4258 aggressus
1166 4201 1203 4242 est
1215 4193 1326 4242 :nocitu-

166 4300 221 4333 rum
233 4291 297 4332 certe
312 4278 474 4328 imitatoribus
486 4277 553 4327 haud
567 4277 722 4343 intelligentis
734 4276 820 4342 judicii
832 4279 838 4324 l
851 4274 909 4335 Quis
920 4277 986 4325 enim
996 4286 1032 4326 est
1041 4277 1084 4342 qui
1093 4293 1144 4326 non
1154 4275 1237 4328 videat
1250 4294 1324 4350 quau·

164 4378 219 4419 tum
233 4368 297 4416 Zeno
316 4375 340 4415 et
358 4363 478 4432 Epicurus
496 4380 510 4413 a
530 4362 653 4414 vocabulis
668 4371 725 4411 ante
743 4359 807 4410 tritis
825 4359 1103 4412 abhorreantl—Nov·
1126 4361 1208 4431 verba·
1221 4363 1321 4429 lingunt,
