2790 4770
642 421 682 434 --
715 373 842 448 roo-

169 534 273 601 οὐσίαν
288 534 464 616 κεκτῆσθαι.
483 537 555 613 Τοῖς
572 534 629 629 γὰρ
647 535 803 614 πλουσίοις
816 534 918 602 πολλὰ
932 535 1110 629 παραμίθιοί
1128 561 1218 628 φασιν
1235 531 1323 600 εἶναι.

169 647 288 744 Ᾰληθῆ,
310 661 379 751 ἔφη,
397 661 517 755 λέγεις·
538 663 572 726 οὗ
597 658 655 753 γὰρ
678 652 909 752 ἀποδέχονται·
930 659 982 728 καὶ
1000 662 1125 756 λέγουσι
1147 662 1200 753 μέν
1226 687 1268 741 τι,
1291 664 1325 726 οὐ

170 791 309 882 μέντοιγε
324 791 394 855 ὅσον
424 785 549 855 οἴονται.
568 765 657 855 Ᾰλλα
678 789 713 882 τὸ
732 798 787 855 τοῦ
816 789 1059 880 Θεμιστοκλέους
1086 783 1117 855 εὖ
1137 787 1210 880 ἔχει,
1228 784 1261 866 ὃς
1283 793 1326 870 τῷ

170 917 298 1013 Σεριφίῳ
314 907 541 1010 λοιδορουμένῳ
556 915 609 982 καὶ
621 917 757 1010 λέγοντι,
779 916 881 982 ὅτιού
901 905 943 981 δι’
961 915 1062 999 αὑτὸν,
1087 909 1169 980 ἀλλὰ
1196 903 1251 979 διὰ
1272 915 1326 988 τήν

170 1049 259 1114 πολιν
275 1035 444 1134 εὐδοκιμοῖ,
461 1016 660 1134 ἀπεκρίνατο,
679 1041 729 1106 ὅτι
745 1039 812 1107 οὔτ’
827 1035 862 1109 ἂν
877 1041 968 1119 αὐτὸς
983 1017 1118 1134 Σερίριος
1137 1037 1177 1104 ὧν
1194 1043 1326 1131 ὀνομασ·

171 1171 224 1249 τὸς
240 1169 358 1262 ἐγένετο
376 1166 440 1234 οὔτ’
455 1168 563 1243 ἐκεῖνος
579 1154 742 1244 Ᾰθηναῖος.
763 1165 827 1231 Καὶ
846 1172 909 1245 τοῖς
924 1156 963 1241 δὴ
982 1167 1023 1258 μὴ
1043 1165 1212 1253 πλουσίοις,
1232 1170 1340 1256 χαλει.

171 1300 236 1370 πῶς
261 1282 295 1357 δὲ
322 1289 359 1356 τὸ
378 1298 474 1385 γῆρας
494 1291 643 1381 φέρουσιν,
672 1287 703 1361 εὖ
726 1290 826 1382 ἔχειὸ
855 1290 946 1368 αὐτὸς
966 1290 1069 1382 λόγος,
1095 1291 1142 1357 ὅτι
1167 1290 1230 1356 οὔτ’
1255 1282 1325 1355 ht

126 1448 128 1454 ¹
172 1419 302 1494 ἐπιεικὴς
325 1413 406 1481 ποίνυ
430 1439 479 1480 τοι
509 1404 621 1504 ῥαδίως
648 1424 744 1508 γῆρας
769 1411 848 1507 μετὰ
875 1415 978 1497 πενίας
1006 1417 1138 1509 ἐνέγκοι,
1160 1412 1224 1481 οὔθ’
1244 1419 1261 1481 ὁ
1285 1419 1325 1504 μή

173 1542 315 1624 ἐπιεικὴς,
331 1538 521 1616 πλουτήσας,
543 1536 666 1616 εὔκολός
684 1540 757 1605 ποτ’
774 1531 809 1604 ’διν
826 1543 926 1625 ἑαυτῷ
944 1540 1075 1632 γένοιτο.

339 1754 372 1806 Μ.
386 1753 415 1806 Τ.
430 1753 553 1806 Ciceronis
567 1755 627 1806 Cato
641 1755 718 1822 Major
730 1772 772 1807 seu
786 1757 816 1808 de
827 1756 963 1817 Senectute,
975 1775 1027 1826 cap.
1041 1757 1063 1811 11
1073 1767 1098 1810 et
1109 1757 1151 1810 ΙΙΙ.

208 1913 502 1974 Serere-Volumus
513 1929 589 1982 sane,
598 1914 652 1970 uisi
666 1913 816 1972 molestum
826 1924 878 1986 est,
890 1919 970 1987 Cato,
979 1913 1244 1990 tanquamaliquam
1256 1916 1325 1972 riam

174 2010 287 2081 longam
301 2006 470 2076 confeceris,
485 2005 667 2078 quamnobis
682 2021 792 2078 quoque
805 2004 1018 2079 ingrediendum
1031 2006 1077 2076 sit,
1097 2002 1183 2076 istuc,
1197 2023 1253 2080 quo
1266 2021 1326 2079 per·

162 2098 283 2167 nvenisti,
296 2098 388 2156 videre
404 2097 484 2170 quale
501 2096 546 2152 sit.
719 2174 722 2180 ρ

209 2192 298 2248 Crro.
307 2188 476 2256 -Faciam,
492 2195 524 2243 ut
534 2195 650 2260 potero,
664 2187 741 2243 Laeli.
762 2189 839 2261 Saepe
852 2188 926 2244 enim
938 2188 1049 2247 interlui
1066 2189 1187 2263 querelis
1200 2204 1328 2266 meorum

174 2281 324 2354 aequalium
337 2279 425 2352 (pares
442 2285 536 2334 autem
555 2293 618 2333 curn
632 2276 759 2348 paribus,
775 2285 865 2334 vetere
881 2277 1043 2350 proverbio,
1060 2275 1191 2334 facillimo
1207 2292 1327 2350 congre-

102 2442 105 2447 .
175 2371 334 2442 ganturlss)
350 2384 432 2442 ,quae
442 2367 472 2424 C.
484 2367 633 2436 Salinator,
648 2381 710 2439 quae
722 2368 769 2438 Sp.
784 2365 911 2438 Albinus,
923 2367 1049 2424 homiues
1058 2364 1230 2436 consulares,
1241 2367 1328 2424 uoslri

174 2461 232 2519 lere
243 2460 375 2532 aequales,
390 2456 535 2530 deplorare
554 2454 681 2512 solebant
694 2475 701 2512 :
715 2464 774 2513 tum
796 2456 869 2528 quod
892 2457 1080 2530 voluptatibus
1103 2466 1248 2525 carerent,
1271 2458 1330 2515 siue

174 2546 274 2621 quibus
293 2545 380 2601 vitam
397 2544 505 2600 nullam
526 2543 673 2616 putareut3
686 2553 748 2601 tum
772 2546 846 2617 quod
866 2555 1064 2618 spernerentur
1084 2548 1118 2603 ab
1136 2547 1179 2615 iis,
1196 2566 1212 2604 a
1231 2548 1331 2618 quibus

175 2641 266 2690 essent
286 2632 337 2688 coli
352 2632 437 2688 soliti.
459 2632 511 2702 Qui
527 2631 595 2687 mihi
617 2648 674 2688 non
687 2633 716 2688 id
729 2633 894 2691 videbantur
910 2652 1041 2693 accusare
1061 2637 1135 2709 quod
1154 2647 1227 2695 esset
1246 2655 1329 2695 accu·

175 2722 305 2779 saudum.
320 2723 392 2777 Nam
405 2721 427 2776 si
443 2719 470 2776 id
485 2720 566 2790 culpa
578 2723 729 2778 senectutis
743 2722 898 2793 accideret,
912 2724 1010 2781 eadem
1024 2723 1091 2779 mihi
1110 2741 1160 2781 usu
1176 2725 1329 2788 evenirent,

175 2811 343 2885 reliquisque
356 2809 485 2865 omnihus
498 2807 651 2880 majoribus
665 2819 750 2879 natu3
772 2827 893 2883 quorum
912 2829 962 2885 ego
981 2814 1135 2870 multorum
1154 2815 1273 2884 cognovi
1287 2831 1330 2872 se·

174 2899 382 2957 nectutemsine
394 2898 503 2971 querela
516 2916 522 2952 ι
535 2898 582 2974 qui
593 2914 622 2954 se
632 2907 660 2955 et
672 2899 821 2958 libidinum
832 2902 946 2958 vinculis
957 2903 1064 2959 laxatos
1075 2919 1135 2961 esse
1148 2920 1202 2960 non
1212 2903 1332 2961 moleste

175 2988 296 3060 ferrent,
316 3007 366 3047 uec
385 3008 400 3046 a
416 2990 473 3047 suis
492 2989 708 3062 despicerentur.
728 2990 783 3047 Sed
797 2991 923 3047 omnium
938 2992 1092 3048 istiusmodi
1109 2993 1284 3064 querelarum
1304 2993 1332 3049 iu

175 3080 300 3135 moribus
313 3087 355 3135 est
366 3079 457 3150 culpa,
468 3094 527 3134 non
537 3078 566 3134 in
576 3086 667 3135 aelate.
682 3079 819 3137 Moderati
833 3081 918 3150 enirn,
931 3090 959 3139 et
972 3098 1024 3138 uec
1037 3083 1173 3153 difficiles,
1187 3101 1239 3141 neo
1252 3084 1333 3142 inhu-

176 3171 251 3227 rnani
261 3186 340 3226 senes
354 3170 525 3226 tolerabilem
542 3177 820 3242 aguutsenectutem.
839 3171 1040 3243 lmportunitas
1053 3178 1147 3227 autem
1162 3171 1333 3230 etinhuma-

176 3263 249 3318 nitas
260 3261 337 3316 omni
348 3261 422 3317 aetati
433 3261 548 3316 molesta
564 3267 613 3315 cst.

210 3353 341 3407 Lamus.
350 3381 386 3391 -
396 3353 455 3419 Est,
467 3358 498 3405 ut
509 3348 586 3415 dicis,
601 3350 679 3405 Cato.
696 3348 748 3406 Sed
758 3348 876 3409 sortasse
886 3351 986 3409 dixerit
995 3352 1144 3425 quispiam,
1157 3353 1208 3409 tibi
1219 3359 1334 3426 propter

177 3454 244 3510 opes
254 3448 282 3495 et
293 3438 387 3511 copias
399 3437 564 3511 dignitatem
574 3444 653 3493 tuam
664 3436 881 3496 tolerabiliorem
897 3446 1068 3497 senectutem
1080 3439 1184 3511 videri3
1198 3440 1227 3500 id
1239 3450 1333 3499 autem

177 3544 234 3584 nou
249 3543 329 3600 posse
341 3526 437 3583 multis
450 3526 622 3598 contingere.

213 3620 304 3675 Clro.
319 3618 416 3672 -Est
429 3617 500 3673 istuc
519 3613 642 3688 quidem,
653 3615 739 3680 Laeli,
753 3615 874 3688 aliquid,
892 3617 942 3674 sed
962 3634 1139 3692 nequaquam
1158 3619 1187 3676 iu
1200 3618 1255 3676 isto
1270 3627 1335 3677 sunt

178 3707 289 3764 omnia:
302 3715 333 3761 ut
342 3704 542 3762 Themistocles
552 3703 639 3759 lectur
650 3704 776 3776 Seriphio
791 3705 937 3762 cuidanrin
944 3707 1036 3780 Jurgio
1049 3707 1234 3781 respondisse,
1247 3723 1334 3780 quum

178 3796 223 3852 ille
235 3795 364 3863 dixisset,
376 3811 433 3850 non
451 3810 515 3850 eum
531 3811 597 3864 sua,
615 3793 662 3852 sed
685 3793 781 3865 patriae
799 3795 887 3869 gloria
904 3797 1082 3869 splendorem
1093 3806 1250 3855 assecutum
1265 3817 1271 3853 :
1285 3813 1336 3854 uec

178 3884 305 3951 Hercule,
318 3884 418 3956 inquit,
429 3884 450 3939 si
464 3900 514 3957 ego
523 3886 663 3958 Seriphius
675 3900 775 3954 essem,
783 3885 884 3941 nobilis
894 3904 902 3954 ς
912 3902 964 3942 neo
976 3895 1019 3953 tu,
1028 3887 1050 3943 si
1060 3887 1237 3944 Atheniensis
1249 3902 1334 3951 esses,

178 3975 269 4031 clarus
280 3989 404 4045 unquam
418 3972 526 4030 luisses.
544 3974 625 4047 Quod
639 3975 737 4031 eodem
752 3973 836 4030 modo
849 3974 882 4030 dc
895 3983 1038 4032 senectute
1055 3983 1146 4048 potest
1157 3974 1224 4031 dici.
1239 3978 1336 4049 Neque

179 4061 300 4119 enimin
319 4076 429 4117 summa
449 4060 541 4132 iuopia
553 4062 619 4117 levis
630 4077 688 4118 esse
705 4069 833 4119 senectus
849 4070 950 4135 potest,
960 4080 995 4121 ue
1005 4062 1122 4136 sapienti
1140 4055 1350 4135 quidem3nee'”

109 4142 111 4146 ⁴
180 4155 320 4227 insipienti
336 4153 421 4210 etiarn
430 4153 459 4209 in
471 4169 581 4210 summa
593 4154 673 4227 copia
688 4170 744 4211 nou
756 4154 859 4229 gravis.

213 4411 249 4474 (l)
268 4408 305 4460 Cf.
327 4409 372 4466 Ὦς
383 4409 431 4460 αἰεὶ
444 4409 486 4459 τὸν
502 4410 588 4475 ὁμοῖον
604 4407 658 4470 ἄγει
670 4408 724 4465 θεὸς
738 4411 771 4464 ὡς
785 4408 827 4458 τὸν
842 4409 929 4475 ὁμοῖον
943 4408 1035 4474 (Hom,
1053 4403 1156 4474 Odyss,
1176 4406 1252 4470 xl'll,
1269 4409 1336 4469 218).
