2790 4770
584 273 787 340 -298-

110 411 157 491 gis
183 430 310 494 pressus
338 414 370 474 in
387 414 509 477 diversa
540 415 695 477 sermonis
715 414 880 494 utriusque
905 418 1026 491 natura,
1054 413 1139 478 haud
1168 412 1267 474 facile

112 513 277 599 dijudices
302 523 336 582 ln
351 539 485 597 summa,
510 523 550 584 M.
566 522 684 584 Tullius
698 521 811 585 eadem
829 541 903 585 usus
915 521 1067 584 orationis
1081 521 1268 584 conforrna-

113 628 212 705 tione,
235 646 298 708 qua
324 629 425 706 Plato,
445 630 595 692 circuitus
615 646 726 692 omnes
753 634 784 690 et
808 631 898 719 quasi
921 628 1059 692 ambitus
1073 648 1090 691 e
1105 628 1269 708 principio

113 735 304 815 assequitur3
323 741 354 799 at
372 755 442 799 raro
457 739 493 800 fit
514 743 550 799 ut
562 755 626 799 uno
639 742 750 800 tenore
767 739 919 818 usquead
935 739 1085 799 eumdem
1100 736 1270 814 perveniat

111 842 241 920 exitum,
262 845 326 907 sive
344 843 495 906 obscurus
513 843 580 906 freri
595 850 725 921 metuat,
743 846 806 908 sive
822 846 919 908 etiam
933 845 1015 906 nolit
1034 845 1199 923 injustam
1214 861 1269 904 se·

110 954 175 1014 veri
199 953 316 1032 judicis
341 953 501 1015 incurrere
527 953 817 1034 reprehensionem.
848 953 911 1016 Sed
946 953 988 1015 ita
1018 953 1184 1016 inusitatas
1214 971 1267 1014 res

111 1060 155 1141 (id
186 1080 293 1122 rursus
321 1061 435 1122 iterare
463 1079 527 1122 non
554 1078 822 1141 supervacaneum
839 1061 897 1141 est)
913 1062 946 1121 in
969 1063 1074 1123 lucem
1098 1062 1193 1123 edere
1211 1077 1271 1122 co·

113 1169 208 1248 gitur,
234 1173 278 1244 ut,
309 1167 452 1249 quamvis
482 1167 560 1229 nihil
588 1185 706 1230 novum
733 1168 871 1230 libenter
897 1168 1054 1248 excipiant
1077 1169 1201 1247 linguae
1226 1170 1271 1230 la·

111 1278 187 1338 tinae
201 1261 348 1337 acerrimi
361 1275 553 1349 defensores,
584 1293 639 1336 seu
665 1275 759 1336 variis
787 1277 952 1338 sententiae
967 1273 1122 1353 partibus,
1140 1284 1197 1337 seu
1211 1293 1271 1338 vo-

114 1381 235 1445 cabulis
262 1381 345 1443 inter
360 1399 393 1444 se
405 1382 574 1460 jungendis
596 1387 707 1444 auctor
720 1381 860 1453 inauditi,
871 1383 1024 1444 sermonis
1036 1382 1160 1444 existat.
1185 1382 1269 1453 Ouid

112 1495 218 1552 autem
247 1490 394 1568 aequales,
418 1489 465 1550 vel
493 1489 526 1560 ii,
545 1489 600 1568 qui
626 1489 744 1567 patrias
760 1509 835 1571 opes
856 1490 964 1570 augeri
982 1488 1090 1569 inique
1105 1491 1266 1567 ferebant,

114 1597 232 1658 nedum
244 1598 368 1658 Graecos
380 1596 574 1670 adamarent,
592 1593 667 1674 quid
677 1594 891 1675 Philosophiae
900 1594 1181 1674 vituperatoreslll.
1193 1595 1270 1655 Tul-

112 1705 156 1765 lio
173 1704 255 1765 viam
275 1722 339 1766 non
355 1709 428 1765 ante
443 1704 550 1764 tritam
566 1702 755 1783 ingredienti
775 1704 914 1784 objicere
929 1703 1128 1783 potuissent?
1140 1703 1269 1765 Etenim

118 1832 217 1894 quum
232 1815 341 1876 Latina
364 1814 570 1891 interpretem
584 1813 679 1874 verba
693 1814 875 1890 deficerent,
893 1831 952 1875 uec
963 1813 1080 1875 Graeeis
1096 1813 1207 1875 Cicero
1220 1812 1268 1873 uti

113 1923 217 1999 vellet,
244 1939 280 1982 ea
303 1927 409 1984 mente
429 1926 465 1983 ut
485 1922 523 1983 ab
545 1921 693 1983 omnibus
714 1921 953 2002 intelligeretur,
973 1921 1062 1984 idem
1075 1939 1113 1983 ex
1127 1920 1269 1982 necessi-

110 2034 190 2106 tate,
201 2035 236 2092 ut
249 2030 294 2091 ita
306 2032 423 2104 dicam,
435 2030 615 2091 Platonicus
630 2029 756 2091 dicendi
770 2047 884 2109 genere
899 2031 959 2092 luit
976 2050 982 2092 :
999 2030 1072 2091 ideo
1088 2029 1216 2091 Platoni
1238 2033 1271 2091 et

113 2135 381 2197 conformationes
403 2140 434 2197 et
455 2135 625 2196 verborum
642 2136 807 2215 juncturas
828 2135 1004 2215 praesertim
1020 2133 1149 2213 eripuit,
1165 2140 1201 2196 ut
1217 2149 1270 2196 eas

113 2243 152 2303 ad
169 2243 300 2304 latinam
324 2241 588 2304 consuetudinem
614 2244 884 2306 accommodaret.
907 2245 932 2304 Ε
954 2243 1069 2323 quibus
1089 2242 1271 2323 praecipuas

113 2350 166 2412 hic
192 2350 338 2411 ordinare
356 2350 435 2411 mihi
463 2351 564 2411 visum
592 2355 649 2426 est,
671 2367 712 2411 ne
736 2350 807 2431 quis
827 2351 908 2413 forte
926 2355 991 2412 tam
1006 2347 1149 2410 insolitas
1161 2351 1270 2428 legens

112 2459 194 2537 apud
214 2458 397 2519 Ciceronem
420 2456 607 2533 locutiones,
636 2474 696 2519 nec
716 2458 791 2518 satis
812 2475 870 2535 pro
892 2463 979 2520 certo
997 2455 1118 2518 habens
1138 2456 1269 2517 easdem

114 2585 185 2628 rere
200 2568 323 2628 Graecas
338 2584 404 2627 esse
415 2565 647 2646 (deficientibus
658 2565 778 2644 quippe
793 2564 968 2646 exemplis),
979 2569 1142 2626 auctorem
1153 2563 1269 2642 gravis·

115 2673 230 2735 simum
245 2674 345 2733 inanis
360 2673 484 2734 fiduciae
504 2678 556 2733 aut
572 2670 760 2732 temeritatis
774 2671 981 2733 insimularet.

172 2854 332 2916 Verborum
353 2854 509 2929 junctura
538 2870 603 2932 qaae
633 2851 721 2911 semel
746 2849 809 2928 faut
829 2867 900 2910 roro
928 2849 1012 2927 opud
1036 2848 1210 2909 Ciceronem

579 2963 771 3038 reperiuntur
785 2976 797 3016 .·

149 3115 322 3175 Absolutus
339 3114 562 3196 perfectusque
583 3110 707 3171 numeri
729 3107 891 3186 temporis.
915 3142 955 3152 -
983 3107 1023 3168 ef.
1042 3105 1142 3176 Τέλεος
1158 3103 1263 3188 ἀριθμὸς

114 3220 217 3304 χρόνου.

150 3327 343 3389 Animalium
357 3327 475 3387 sormae.
495 3359 535 3370 -
549 3327 590 3386 cf.
607 3324 738 3384 Ἔνουσαι
754 3324 820 3382 ἰδέαι
837 3327 874 3402 τῷ
891 3321 975 3382 ὅέστι
988 3324 1064 3391 ζῶον.

147 3433 325 3496 Animantia
341 3449 439 3510 eaque
454 3429 569 3492 divina.
585 3464 622 3475 —
637 3431 676 3491 cl.
695 3432 829 3488 Ζῶσθεῖα
842 3428 917 3489 ὄντα.

148 3541 358 3619 Gonjunctunr
372 3543 504 3600 naturae.
522 3570 561 3582 -
577 3538 618 3598 cs.
636 3535 790 3616 Ξύμφυτσν.

152 3646 271 3709 Divinae
286 3647 486 3709 animationis
500 3643 632 3723 species.
646 3678 683 3687 —
700 3644 740 3704 cl.
759 3643 815 3700 Τοῦ
829 3639 897 3699 θείου
911 3646 927 3712 ἡ
943 3638 1011 3701 ἰδέα.

153 3755 268 3833 Figura
283 3752 457 3814 muliebris.
474 3786 512 3798 -
531 3753 572 3812 Os.
590 3750 715 3816 Ιύναικὸς
729 3749 813 3831 φύσις.

150 3863 263 3940 Figura
278 3861 447 3939 pecudum.
467 3897 502 3908 -
517 3861 557 3920 cl.
572 3858 673 3938 Θηρίσυ
687 3857 769 3938 φύσις,
881 3853 883 3857 ’

150 3973 231 4032 Fons
249 3975 279 4030 et
295 3968 487 4048 principium
505 3965 664 4028 movendi.
680 3998 720 4013 —
733 3966 773 4026 cl.
791 3962 872 4042 Πηγὴ
889 3961 935 4020 καὶ
949 3958 1019 4041 ἁρχὴ
1034 3959 1173 4031 κινήσεως,

111 4113 1259 4140 ,,-.,...-.....-..............-......-

113 4213 244 4266 Democriti
263 4216 324 4261 «Ἐν
340 4212 468 4279 βυθῴιγὰρ
484 4212 603 4271 &litteren
620 4209 727 4260 breviter
740 4226 754 4259 a
769 4208 888 4260 Cicerone
911 4222 1068 4274 expressum:
1083 4227 1097 4253 r
1108 4206 1138 4255 in'
1144 4202 1260 4276 profundi

116 4302 201 4353 ueritas
211 4310 245 4349 est
256 4298 373 4352 demerso.
383 4318 397 4343 a
