2790 4770
599 341 800 409 -179-

117 496 173 567 τὴν
191 486 304 585 ψυχήν,
324 497 427 561 πλεῖον
446 493 603 588 μέροςκαὶ
632 505 687 562 τοῦ
711 489 809 586 φάἀου
826 485 962 562 ἐδάσατο
984 504 1023 590 τῇ
1042 493 1197 590 γυναικὶή
1224 502 1269 580 τῷ

118 607 219 710 ἀνδρί.
241 609 343 698 utto,
363 609 398 686 δὲ
421 620 470 687 ὅτι
493 619 545 687 καὶ
565 620 687 716 ἀρήγειν
715 617 753 688 αὖ
771 612 887 707 δεήσει,
907 619 957 689 έάν
977 646 1025 700 τις
1045 613 1136 719 ἀδικῇ
1156 622 1211 689 τὸν
1230 619 1272 690 τὰ

118 733 178 818 ἔξω
191 741 267 837 ἔργα
283 743 408 834 έχοντα,
427 743 531 831 τούτῳ
546 739 583 810 αὖ
604 751 708 812 πλεῖον
723 745 812 838 μέρος
832 753 888 811 τοῦ
902 743 1029 839 θράσους
1045 736 1193 813 έδάσατο.
1213 725 1274 813 ὁτι

119 859 149 935 δ’
169 868 362 963 ἀμφοτέρους
385 861 503 937 δεῖκαὶ
520 861 644 939 διδόναι
662 871 714 940 καὶ
736 865 916 965 λαμθάνειν,
934 875 989 948 τήν
1011 875 1133 968 μνήμην
1148 873 1199 942 καὶ
1217 876 1273 948 τήν

118 994 293 1086 ἐπιμέλειαν
315 992 356 1073 εἰς
375 994 413 1062 τὸ
432 997 524 1088 μέσον
544 996 730 1090 ἀμφοτέροις
752 996 929 1071 κατέθηκεν.
949 977 1035 1064 έθστε
1054 999 1109 1065 οὐκ
1136 991 1171 1063 ἀν
1193 996 1275 1090 έχοις

119 1111 240 1209 διελεῖν,
253 1120 371 1214 πότερα
387 1122 424 1188 τὸ
438 1120 523 1200 ἔθνος
538 1122 574 1189 τὸ
588 1121 663 1196 θῆλυ
678 1121 696 1197 ἢ
713 1123 749 1189 τὸ
763 1119 851 1216 ἀῤῥεν
867 1125 987 1191 τούτων
998 1129 1185 1192 πλεονεκτεῖ.
1197 1121 1271 1190 Καὶ

119 1248 155 1316 τὸ
173 1234 330 1342 ἐγκρατεῖς
348 1239 384 1315 δὲ
405 1241 492 1335 εἶναι,
514 1245 553 1315 ὧν
573 1239 632 1336 δεῖ,
659 1248 699 1329 εἰς
720 1250 757 1317 τὸ
785 1250 877 1344 μέσον
899 1250 1081 1344 ἀμφοτέροις
1106 1248 1276 1334 κατέθηκε,

117 1370 169 1439 καὶ
188 1362 325 1447 ἐξουσίαν
344 1368 483 1446 ἐποίησεν
503 1376 519 1439 d
541 1370 615 1458 θεὸς,
639 1372 787 1468 ὁπότερος
807 1365 841 1438 θιν
868 1383 886 1468 ρ
914 1373 1055 1459 βελτίων,
1078 1371 1130 1441 εἴθ’
1152 1379 1168 1440 ὁ
1188 1373 1274 1466 ἀνήρ,

116 1494 169 1564 εἴθ’
186 1501 206 1571 η
225 1497 313 1590 γυνὴ,
332 1506 440 1565 τοῦτον
456 1495 507 1593 καὶ
522 1502 625 1564 πλεῖον
646 1496 786 1592 φέρεσθαι
811 1499 923 1567 τούτου
940 1509 996 1567 τοῦ
1016 1498 1143 1595 ἀγαθοῦ.
1161 1496 1222 1565 Διά
1239 1489 1277 1564 δὲ

118 1622 156 1691 τὸ
171 1625 228 1698 τὸν
244 1625 332 1715 φύσιν
349 1626 392 1716 μη
413 1624 488 1716 πρὸς
505 1622 611 1691 πάντα
637 1621 740 1692 ταύτὰ
761 1625 945 1718 ἀμφοτέρων
965 1620 997 1690 εὖ
1018 1625 1193 1718 πεφυκέναι,
1219 1615 1275 1692 διὰ

115 1757 212 1814 τοῦτο
237 1747 290 1814 καὶ
309 1739 433 1815 δέονται
452 1751 569 1840 μᾶλλον
591 1748 753 1831 ἀλληλων,
779 1747 832 1815 καὶ
859 1747 896 1814 τὸ
920 1739 1022 1843 ζεῦγος
1042 1750 1271 1842 ὠφελιμώτερον

117 1876 220 1960 ἑαυτῷ
238 1874 412 1968 γεγένηται,
430 1869 504 1942 ἀπὸ
524 1877 625 1968 ἕτερον
644 1872 829 1961 ἐκλείπεται,
853 1874 890 1941 τὸ
910 1876 1013 1968 ἕτερον
1033 1866 1213 1967 δυνάμενον.

154 2102 356 2178 -Xenophon
370 2103 546 2162 Atheniensis
555 2118 588 2161 eo
600 2103 683 2175 libro,
694 2103 742 2176 qui
750 2102 959 2160 OEconomicus
967 2101 1139 2174 inscribitur,
1154 2103 1275 2176 prodidit

118 2219 132 2247 ε
141 2194 268 2253 Maritale
282 2194 441 2269 conjugium
455 2193 495 2251 sic
505 2201 697 2266 comparatum
712 2209 771 2250 esse
787 2201 896 2261 natura,
912 2202 943 2250 ut
952 2209 1010 2250 non
1023 2194 1114 2250 solum
1122 2194 1270 2268 jucundis-

117 2285 206 2352 sima,
226 2283 420 2342 verumetiam
436 2283 582 2340 utilissima
596 2283 659 2339 ritae
678 2282 798 2340 societas
812 2281 929 2340 iniretur
943 2302 949 2339 :
965 2299 1031 2340 nam
1045 2284 1167 2357 primum
1187 2283 1273 2357 (quod

117 2373 202 2430 etiam
220 2374 316 2430 Cicero
331 2373 396 2447 ait),
415 2385 556 2446 ne·genus
571 2371 728 2429 humanum
747 2372 882 2444 temporis
899 2373 1100 2447 longinquitate
1120 2373 1275 2445 occideret,

117 2470 233 2536 proptor
245 2461 299 2518 hoc
312 2477 418 2519 marem
431 2477 496 2518 cum
509 2459 612 2517 femina
625 2477 684 2517 esse
699 2459 894 2533 conjunctum;
912 2460 1011 2519 deindo
1022 2471 1054 2518 ut
1066 2479 1099 2519 ex
1110 2462 1162 2520 hac
1174 2462 1275 2521 eadem

117 2548 252 2606 societate
262 2550 427 2607 mortalibus
441 2549 578 2624 adjutoria
592 2551 758 2621 senectutis,
774 2568 826 2608 nec
839 2552 933 2608 minus
946 2553 1150 2626 propugnacula
1166 2569 1275 2626 praepa·

119 2647 227 2696 rentur.
240 2643 311 2696 Tum
325 2641 423 2705 etiam,
435 2656 521 2714 quum
531 2640 621 2697 victus
635 2649 664 2696 ct
676 2643 765 2698 cultus
782 2639 919 2698 humanus
934 2657 1005 2711 non,
1022 2643 1060 2698 uti
1073 2641 1150 2713 feris,
1165 2643 1194 2698 in
1205 2658 1275 2716 pro-

117 2731 214 2804 patulo
223 2730 516 2799 nosilvcstribuslocis,
525 2730 572 2786 sed
581 2729 656 2787 domi
666 2730 716 2787 sub
727 2736 801 2787 tecto
809 2730 980 2788 accurandus
992 2740 1075 2800 esset,
1086 2731 1273 2790 necessarium

117 2820 182 2892 init,
196 2819 361 2877 alterutrum
371 2818 438 2877 loris
449 2827 477 2875 et
488 2819 539 2876 sub
553 2819 606 2876 Dio
626 2835 698 2889 esse,
716 2821 763 2892 qui
782 2819 874 2877 labore
887 2828 916 2876 ct
930 2820 1063 2882 industria
1082 2830 1271 2892 compararet;

117 2911 210 2981 intus,
225 2898 273 2985 qui
289 2910 369 2968 tectis
382 2910 545 2969 reconderet
562 2918 645 2983 atque
659 2908 811 2966 custodiret
825 2929 832 2966 ε
846 2909 982 2983 siquidem
1003 2910 1044 2968 vel
1065 2910 1204 2980 rusticari,
1226 2911 1271 2968 vel

114 3004 260 3078 navigare,
271 3001 314 3058 rel
328 2999 412 3057 etiam
425 2999 586 3074 generealio
601 2998 735 3073 negotiari
749 3015 859 3056 necesse
870 3007 946 3070 crat,
961 3008 992 3056 ut
1005 3001 1112 3074 aliquas
1125 3000 1270 3060 facultates

114 3092 337 3165 acquireremus3
358 3106 444 3163 quum
458 3105 523 3148 vero
537 3098 640 3162 paratae
655 3105 698 3145 res
712 3089 762 3145 sub
781 3097 886 3144 tectum
900 3098 991 3146 essent
1010 3099 1164 3164 congestae,
1183 3093 1270 3152 alium

116 3196 179 3240 csso
193 3182 331 3256 oportuit,
352 3181 398 3255 qui
412 3189 439 3239 et
453 3181 541 3238 illatas
555 3178 723 3247 custodiret,
739 3187 767 3236 et
780 3195 811 3234 ea
826 3179 975 3237 conticeret
988 3197 1088 3254 opera,
1110 3200 1173 3256 quae
1190 3184 1268 3242 domi

115 3272 249 3331 deberent
259 3271 452 3330 administrari.
468 3273 542 3327 Nam
555 3279 582 3327 et
593 3269 686 3343 fruges
698 3277 843 3341 ceteraque
858 3270 989 3327 alimenta
1005 3275 1146 3329 terrestria
1163 3273 1270 3348 indige·

114 3360 184 3421 bant
196 3371 284 3434 tecto3
300 3371 328 3420 et
346 3362 439 3419 ovium
456 3365 667 3433 ceterarumque
685 3357 823 3432 pecudum
841 3357 925 3416 foetus
946 3368 1029 3434 atque
1049 3360 1156 3420 fructus
1174 3365 1268 3422 clauso

114 3452 290 3512 custodiendi
303 3460 394 3522 erant,
407 3468 459 3508 nec
472 3450 680 3523 miuusreliqua
692 3450 828 3520 utensilia,
847 3450 946 3523 quibus
960 3459 1007 3508 aut
1024 3452 1109 3509 alitur
1120 3453 1269 3513 hominum

114 3557 203 3617 genus
216 3549 264 3599 aut
281 3540 363 3597 ctiam
380 3539 524 3596 excolitur.
543 3540 636 3610 Quare
651 3554 738 3611 quum
751 3545 779 3593 et
790 3553 903 3610 operam
918 3545 945 3592 ct
957 3537 1131 3613 diligentiam
1147 3558 1188 3613 ea,
1206 3557 1269 3615 quae

115 3629 323 3705 proposuimus,
334 3626 528 3695 desiderarent,
544 3643 595 3683 nec
610 3627 706 3700 exigua
719 3642 784 3682 cura
799 3625 866 3682 loris
880 3627 1098 3701 acquirerentur,
1114 3646 1176 3702 quae
1191 3632 1269 3689 domi

115 3719 248 3777 custodiri
260 3726 401 3792 oporteret
414 3718 504 3792 tiore,
520 3726 551 3774 ut
564 3716 632 3780 dixi,
649 3733 663 3772 a
679 3724 775 3772 natura
795 3725 954 3789 comparata
967 3726 1008 3774 est
1024 3720 1129 3792 [opera]
1143 3723 1271 3782 mulieris

115 3810 148 3866 ad
163 3808 344 3866 domesticam
357 3806 539 3880 diligentiam,
554 3806 604 3863 viri
620 3813 712 3862 autem
727 3804 763 3862 ad
783 3806 1011 3863 exercitationem
1027 3804 1165 3866 sorensem
1179 3821 1206 3868 et
1220 3829 1269 3871 er·

114 3909 250 3957 truncam.
265 3901 362 3971 ltaque
375 3897 435 3953 viro
450 3896 571 3967 calores,
590 3904 617 3950 et
633 3895 734 3967 frigora
750 3895 939 3968 perpetienda,
956 3903 1015 3951 tum
1031 3898 1115 3953 etiam
1131 3900 1227 3958 itinera
1242 3913 1270 3962 et

114 3988 225 4045 labores
239 3987 312 4059 pacis
324 4002 356 4042 ac
367 3985 442 4054 belli,
454 3983 483 4040 id
493 3991 544 4052 est,
552 3982 740 4040 rusticationis
752 3991 779 4039 et
790 3981 951 4039 militarium
965 3984 1177 4056 stipendiorum,
1192 3993 1269 4050 Deus

116 4077 227 4146 tribuit3
242 4075 348 4132 mulieri
369 4074 507 4146 deinceps,
526 4073 597 4146 quod
612 4073 739 4129 omnibus
756 4072 800 4129 his
813 4072 896 4129 rebus
908 4088 969 4128 eam
984 4061 1089 4131 fecerat
1105 4076 1267 4152 inhabilem,

113 4168 266 4225 domestica
279 4165 388 4240 negotia
400 4163 520 4221 curanda
530 4162 658 4219 tradidit·
671 4205 676 4217 .
687 4193 711 4217 ι.
724 4170 752 4219 et
764 4162 896 4235 quoniam
910 4162 984 4219 hunc
994 4178 1090 4220 sexum
1100 4167 1231 4224 custodiae
1242 4180 1269 4227 et

114 4257 267 4331 diligentiae
280 4256 481 4328 assignaverat,
502 4252 603 4309 idcirco
619 4252 789 4310 timidiorem
803 4250 941 4322 reddidit,
961 4268 1044 4324 quam
1064 4253 1187 4326 virilem,
1203 4274 1267 4316 nam

114 4353 206 4403 metm
219 4345 370 4417 plurimum
385 4339 495 4398 confert
509 4340 542 4396 ad
557 4339 730 4412 diligentiam
745 4338 928 4397 custodiendi.
952 4339 1033 4410 Quod
1047 4347 1139 4398 autem
1157 4360 1270 4405 necesse
