2790 4770
603 275 776 336 ...10-

112 413 160 493 (ut
173 414 212 474 ad
229 414 427 491 propositum
441 417 646 495 revertamur)
671 431 742 492 quan
765 413 860 474 sinte
878 413 966 474 fonte
981 429 1086 493 graeoo
1102 413 1187 492 apud
1204 415 1271 474 An-

112 523 280 584 dronicum
295 521 460 584 voeabula.

152 633 176 691 Ε
192 628 307 691 Graecis
321 631 380 691 tria
394 634 519 692 tantum
534 632 669 693 reseram
685 647 757 710 quae
775 634 971 708 sequuntur:

155 739 248 816 Daps·
265 738 310 798 CI.
329 737 430 798 δάπτω.

154 847 255 906 Moero.
280 846 326 906 Cf.
352 855 431 927 μοῖρα
450 845 486 923 (si
505 847 601 909 modo
625 863 684 924 pro
707 846 806 908 Morta
821 860 894 906 cum
917 843 1017 905 Gellio
1042 843 1176 922 legenda
1203 842 1270 903 sit:

115 952 295 1032 «nimo».

150 1061 317 1140 Stroppos,
330 1071 472 1142 stroppus
484 1062 599 1142 (Ptin).
615 1063 661 1125 cf.
679 1060 812 1142 στρόφιον,
829 1061 934 1122 unde:
958 1079 972 1116 a
984 1057 1186 1138 strophium»
1207 1076 1271 1138 quo
1291 1128 1296 1140 Ι

111 1190 185 1232 usus
199 1175 245 1233 est
259 1170 407 1233 Catullus.

150 1281 257 1340 Cetera
290 1284 450 1357 proponet
473 1279 612 1341 Lexicon
648 1277 890 1341 ciceronianum
914 1275 1184 1355 graecolatinum,
1218 1276 1270 1337 cui

110 1385 205 1448 verba
216 1402 252 1445 ex
261 1385 397 1447 Liviana
408 1386 555 1466 Odysseae
565 1391 597 1447 et
605 1385 698 1445 Ennii
712 1383 1025 1462 Medcaefragmentis
1049 1380 1267 1461 superaddidi.

150 1492 227 1553 Mihi
237 1493 327 1554 venia
342 1492 470 1554 dabitur
478 1492 623 1572 jejunum
635 1497 666 1554 et
679 1493 794 1554 exilem
809 1489 955 1554 afferenti
969 1492 1147 1570 catalogum
1154 1507 1164 1568 3
1178 1509 1267 1552 nam-

110 1615 182 1675 que,
205 1617 304 1676 quum
319 1600 352 1659 in
375 1601 480 1660 animo
502 1599 637 1661 habeam
652 1599 837 1661 Ciceronem
851 1600 1036 1660 Graecorum
1056 1597 1265 1675 interpretem

111 1700 324 1776 considerare,
348 1705 424 1783 quid
440 1706 557 1767 mirum
573 1707 597 1766 si
614 1707 692 1770 Livii
717 1708 864 1788 Odysseae
880 1707 1023 1785 impense
1048 1705 1173 1767 deditus
1200 1712 1265 1768 stu·

111 1812 234 1872 duerim
262 1813 326 1890 (nr
348 1815 493 1877 Ceterum
518 1834 645 1895 perraro
670 1819 704 1878 fit
732 1822 769 1878 ut
792 1834 900 1878 versus
920 1815 1036 1877 latinos
1060 1832 1133 1876 oum
1153 1816 1267 1896 graecIs

145 2093 180 2156 (1)
198 2091 260 2141 Itum
273 2092 371 2142 mutilas
386 2092 520 2142 Andronici
534 2092 649 2159 reliquias
663 2093 774 2158 legerem,
798 2090 916 2141 curiosius
933 2089 1047 2155 inquisivi
1061 2106 1114 2154 quae
1131 2090 1208 2140 verba
1220 2092 1270 2157 jam

110 2185 257 2242 pervetusta,
270 2177 351 2226 Tullio
363 2193 445 2227 versus
454 2179 581 2237 condente,
594 2178 743 2238 cecidissent,
759 2192 880 2242 quaerero
893 2175 1016 2225 civitatem
1025 2173 1172 2240 recepissent
1184 2176 1271 2226 ortho-

110 2261 212 2326 graphia
226 2277 300 2327 parce
313 2271 414 2312 mutata.

144 2345 211 2396 Inter
225 2356 363 2411 pervetusta
374 2347 448 2397 verba
462 2347 514 2396 haec
528 2346 743 2396 animadvertenda
758 2361 859 2394 censeo:

143 2429 274 2499 Adprimus
289 2429 388 2496 (Odyss.
403 2431 446 2491 111,
462 2433 526 2494 110).

144 2513 278 2582 Confluges
289 2516 349 2581 (vid.
363 2515 426 2566 Non.
437 2517 457 2575 Ι,
470 2517 539 2581 311),
548 2526 631 2581 postea
639 2538 650 2558 ιι
659 2513 783 2564 confluens
795 2523 819 2564 et
833 2513 981 2563 confluentes
989 2511 1106 2578 (confluo)
1121 2513 1198 2563 veluti
1209 2514 1271 2580 σύῤ-
1303 2518 1305 2523 “

111 2603 202 2665 peoora,
214 2600 319 2667 σύῤῥοια
332 2601 457 2668 (coppim).

144 2681 226 2751 utigr.
244 2706 255 2728 ιι
265 2686 318 2751 Ipse
333 2702 357 2735 se
369 2685 394 2734 in
409 2694 499 2735 terram
512 2685 607 2734 saueius
621 2683 691 2750 digit„
697 2685 785 2733 cadens
793 2707 805 2726 ιι
815 2684 887 2748 (Non.
903 2683 933 2747 ΙΙ,
948 2686 1016 2748 328).

144 2767 227 2819 Frixit.
242 2769 393 2821 Praeteritum
405 2769 436 2820 ab
450 2786 495 2819 usu
509 2779 638 2831 remotum,
653 2768 721 2834 cujus
733 2785 835 2834 praesens
848 2777 883 2818 est
893 2791 904 2810 «
914 2767 988 2833 frigeo
998 2792 1009 2811 ιι
1022 2777 1047 2817 et
1060 2790 1072 2810 ιι
1083 2766 1144 2832 frigo
1153 2791 1176 2818 ιι.

145 2852 299 2921 Inlmmigaut
314 2858 352 2918 (ex
364 2854 413 2904 sab.
427 2855 495 2917 reI.),
510 2854 591 2903 Iocum
604 2852 668 2903 iIIius
679 2853 747 2904 verbi
761 2852 857 2919 excepit
868 2876 880 2894 ιι
895 2851 1010 2902 humecto
1020 2848 1040 2902 ι’.

146 2943 226 2988 Insere
240 2940 299 3002 (vid.
315 2938 428 3004 GeIIIum,
440 2939 525 3003 XVIII,
542 2942 574 3005 9).

146 3027 226 3072 Morta
242 3024 305 3090 (Liv.
319 3025 395 3074 Andr.
413 3023 521 3094 0dyss.).

146 3110 302 3176 Nefrendem.
317 3111 384 3163 Dixit
398 3112 461 3162 solus
475 3111 551 3161 Varro
561 3129 566 3160 :
576 3134 588 3152 ιι
596 3110 722 3160 nefrendes
735 3109 803 3176 porci
815 3130 835 3158 ι.

145 3196 246 3260 Nogea
262 3195 287 3244 id
302 3204 347 3258 est,
360 3195 465 3245 candido
475 3193 538 3258 (Lit.
553 3194 629 3244 Andr.
645 3192 754 3262 Oritas).

145 3280 296 3343 Palicorum,
312 3284 378 3348 quod
392 3280 470 3332 Graeci
484 3283 592 3350 χέρνιὸα,
606 3297 650 3331 nos
665 3281 949 3330 «t1·uIIeum»vocamus
962 3279 1083 3345 (Nouius).

146 3366 267 3415 Prooitum
281 3366 348 3431 (Liv.
363 3367 442 3418 Audr.
455 3365 545 3432 Odyss.
559 3376 584 3417 et
597 3366 672 3418 alibi:
683 3387 696 3411 a
708 3366 779 3431 quin,
796 3365 859 3431 quod
875 3381 960 3431 parcre
969 3380 1022 3413 mea
1037 3379 1077 3412 ros
1091 3362 1202 3426 majestas
1215 3381 1272 3430 pro·

113 3461 160 3502 cat.
185 3451 264 3501 Indeu
278 3468 396 3517 procus»,
416 3461 443 3502 ut
458 3453 505 3502 ἀπὸ
520 3456 565 3502 τοῦ
590 3453 698 3517 μνάομαι
721 3451 844 3517 μνηστήρ.
864 3477 891 3487 -
909 3451 962 3502 Ind.
974 3465 1042 3515 praes.
1054 3464 1144 3515 proco,
1162 3464 1202 3509 as;
1224 3466 1273 3500 nou

113 3546 213 3590 autem:
227 3560 238 3578 «
248 3538 355 3603 proeieo.
369 3562 380 3580 ιι

147 3621 305 3673 Pramodum.
322 3621 405 3674 Livius
419 3621 445 3673 in
458 3622 563 3689 Odyssea
575 3645 587 3665 ιι
597 3621 746 3689 praemodum
756 3643 768 3664 ι
783 3619 846 3670 dixit
858 3618 928 3685 quasi
942 3618 1093 3668 «admodum
1101 3641 1121 3665 ιι.

147 3710 262 3776 Septuose
276 3707 335 3772 (vid.
350 3706 423 3766 Non,
437 3706 468 3768 tl,
486 3710 553 3770 itt).

150 3797 253 3840 Vacerra
268 3791 332 3854 (tir.
346 3791 423 3841 Andr.
439 3789 538 3861 odyss)

148 3876 202 3926 Alia
216 3877 316 3943 quidem
330 3877 403 3926 verba
414 3876 480 3926 haud
495 3877 600 3926 muItum
613 3876 740 3926 Immutata
747 3874 844 3940 excepit
853 3889 922 3933 usus,
941 3895 951 3919 ι
967 3887 1040 3938 quem
1054 3887 1127 3938 penes
1142 3871 1276 3923 arbitrium

115 3971 150 4011 cst
162 3971 186 4012 et
197 3963 236 4027 jus
250 3970 274 4011 et
286 3978 371 4012 norma
384 3961 510 4028 loquendi.
528 3985 540 4004 ιι
550 3961 606 4010 IIaee
619 3961 740 4026 praecipue
754 3959 836 4009 uotari
849 3977 854 4008 :

148 4045 311 4116 Amplectans,
328 4047 394 4112 apud
409 4045 479 4096 Orid.
490 4069 501 4089 ιι
511 4047 687 4113 amplectens».

149 4134 236 4181 Carnis
249 4132 308 4198 (vid.
321 4132 397 4182 Prisc.
411 4130 452 4195 VI,
468 4132 504 4196 3).

149 4215 292 4282 Dextrobus,
306 4234 351 4284 pro
362 4216 474 4268 «dextris
485 4241 505 4267 ιι.

149 4302 270 4365 Duorum,
285 4302 445 4370 proudiserte
454 4326 475 4351 ιι.
