2790 4770
639 334 871 422 «166.-

230 463 340 529 Gieere
352 488 431 550 ques
446 471 764 559 Ἀπαλοίοοροοςνοοθῑ,
780 475 866 551 satiS,
882 479 919 539 ut
930 474 1027 553 vides,
1042 492 1080 537 ex
1093 474 1353 556 praecedentibus

192 577 224 663 ei
239 583 444 658 sequentibus
457 586 605 648 ostendit.
617 588 666 664 (Η.
684 585 809 666 Steph.)

231 685 356 771 Ibidem,
383 711 453 773 eap.
479 696 513 755 3l
541 712 549 757 ε
575 695 733 757 -lllultae
760 698 833 755 sunt
848 694 915 772 ejus
930 694 1172 776 (Demosthenis)
1187 698 1266 756 totae
1282 711 1353 756 ora·

192 793 296 857 tiones
313 798 455 876 subtiles,
481 806 516 862 ut
533 806 640 863 eontra
658 803 835 880 Leptinen·
860 800 968 863 multae
989 804 1065 862 totae
1081 818 1202 880 graves
1222 807 1258 864 ut
1268 820 1354 881 quat·

194 903 267 964 dam
284 906 488 988 Philippieae3
509 911 618 972 multae
639 908 745 984 variae,
770 914 807 971 ut
826 914 938 971 eontra
951 909 1147 987 AEsehinem,
1169 911 1260 991 falsa
1273 913 1353 990 lepa-

194 1017 296 1090 lienis,
315 1020 351 1077 ut
370 1023 480 1079 eontra
494 1017 643 1079 eumdem
652 1036 818 1098 preeansa
838 1017 1045 1097 Ctesiphontis.

232 1120 371 1184 Observa
386 1123 439 1185 hie
461 1129 496 1186 ut
515 1124 625 1187 Cieere
639 1124 868 1204 interpretetur
886 1123 951 1206 πρὸς
967 1123 1111 1199 Λεπτίνην,
1129 1128 1236 1184 eontra
1249 1123 1352 1200 Lepti-

192 1244 281 1305 nean;
305 1230 542 1311 Παραπρεοὸείαν,
554 1232 668 1307 salsam
685 1233 885 1310 leqeiienem:
901 1249 1000 1310 quum
1015 1231 1158 1310 ejusdem
1180 1228 1271 1293 verbi
1289 1229 1350 1291 vim

193 1336 370 1415 exprimere
386 1340 491 1400 volens
507 1339 592 1414 alibi,
609 1338 694 1402 dieat
707 1340 921 1402 AEsebinema
936 1340 1148 1403 Demosthene
1164 1342 1350 1401 aeeusatum

191 1445 278 1522 qued
293 1446 483 1524 legationem
499 1448 665 1509 ementitus
681 1451 775 1510 esset.
793 1448 931 1510 Observa
946 1447 1043 1509 etiam
1055 1451 1091 1508 ut
1108 1445 1174 1528 ὑπὲρ
1188 1447 1349 1527 Κτησιφῶν-

191 1571 235 1617 τος
257 1567 322 1611 non
336 1551 530 1631 interpretur
545 1572 603 1634 pro
629 1538 843 1634 Ctesiphonte,
865 1554 919 1616 sed
940 1572 1000 1633 pre
1021 1571 1114 1615 oense
1138 1553 1350 1632 Ctesiphontis.

194 1655 239 1730 (H.
258 1657 382 1736 Steph.)
1017 1666 1020 1670 ’

232 1765 336 1843 Epist.
352 1773 384 1827 at
401 1770 541 1846 Attianae,
559 1769 615 1830 lib.
630 1772 710 1846 Xlll,
728 1773 763 1832 al
779 1789 835 1832 ε-
846 1770 981 1849 Scripsit
1000 1769 1086 1831 enim
1099 1769 1217 1831 Balbus
1230 1771 1271 1831 ad
1286 1787 1348 1846 me,

193 1885 227 1931 se
241 1889 259 1931 a
273 1878 305 1933 te
322 1875 469 1952 quintum
486 1876 524 1936 de
544 1874 673 1937 Finibus
695 1875 812 1938 librum
829 1875 1032 1955 descripsisse
1052 1875 1105 1938 :in
1120 1895 1184 1957 que
1199 1895 1267 1939 nen
1278 1895 1350 1940 saue

191 1981 289 2042 multa
305 1985 421 2045 mutavi
431 2001 441 2062 ;
458 1984 512 2045 sed
523 1988 629 2045 tamen
644 1985 801 2063 quaedam.
815 1986 863 2046 Tu
876 1989 982 2045 autem
999 1985 1169 2046 eommode
1181 1981 1308 2059 fereris,
1324 1983 1348 2043 si

189 2085 328 2166 reliquos
345 2089 555 2164 continueris,
570 2107 609 2150 ne
625 2093 657 2150 et
670 2086 827 2168 Ἀδιόρθωτα
838 2089 955 2150 hebeat
970 2089 1094 2167 Balbus
1113 2095 1144 2151 et
1155 2087 1256 2148 Ἕωλα
1272 2089 1349 2149 Bru·

191 2201 251 2259 tus.
275 2231 314 2242 —
328 2200 494 2277 Aliquanto
513 2205 593 2277 pest,
618 2199 697 2273 Xlll,
714 2199 776 2257 22:
801 2197 899 2258 Balbo
922 2197 1053 2276 quidem
1072 2195 1294 2275 intelligebam
1303 2212 1351 2256 sa-

190 2305 415 2368 tisfaeiendum
445 2309 565 2369 luisse:
590 2312 713 2369 tantum
729 2306 877 2368 nolebam
903 2312 957 2368 aut
974 2307 1137 2368 obsoletant
1160 2307 1277 2382 Brute,
1297 2312 1348 2367 aut

190 2412 289 2474 Balbo
304 2414 474 2476 inebeataan
489 2416 566 2477 dari.

228 2519 309 2581 Vide
334 2527 368 2582 ut
383 2521 491 2582 Cieero
511 2522 595 2601 quod
611 2537 712 2600 graeee
728 2521 850 2583 dixerat
868 2521 1039 2605 Ἄδιόρθατοο
1058 2521 1155 2583 latine
1174 2521 1349 2583 iaebealnm

145 2624 150 2629 ’
190 2628 349 2705 appellet:
367 2625 473 2687 Ἔωλον
486 2637 603 2703 autem,
621 2628 790 2691 obsoletant.
811 2628 859 2710 (H.
877 2630 1001 2710 Steph.)

227 2736 327 2812 Epist.
348 2737 390 2796 aei
409 2738 488 2813 Ait,
514 2737 567 2797 lib.
585 2737 663 2812 Xlll,
685 2739 722 2794 at
741 2754 749 2798 :
765 2769 804 2781 -
820 2736 929 2797 Cieero
952 2738 991 2797 de
1009 2738 1146 2822 quadam
1162 2754 1218 2797 sua
1230 2738 1271 2798 ad
1287 2736 1347 2797 Gae·

186 2859 288 2903 sarem
302 2844 433 2922 epistola
448 2846 579 2923 loquens
597 2863 603 2902 :
627 2861 640 2898 a
650 2842 738 2912 Quod
755 2842 839 2902 enim
856 2843 940 2902 aliud
958 2846 1183 2922 argumentum
1201 2842 1344 2919 epistelae

186 2960 304 3017 nestrae
320 2954 379 3015 nisi
394 2955 529 3015 Κολακεία
542 2954 619 3014 fuit?
633 2973 648 3008 1)

224 3065 392 3143 Aliquanto
412 3071 480 3141 pest
499 3063 587 3142 (Xlll,
614 3062 662 3138 ο28)
683 3062 727 3122 ita
740 3058 880 3138 loquitur
906 3080 912 3120 :
936 3081 949 3116 a
964 3061 1007 3120 De
1029 3059 1165 3137 epistola
1184 3057 1226 3118 ad
1244 3061 1343 3121 Caesa·

189 3190 268 3246 rem,
283 3173 388 3250 jurate
412 3173 608 3245 mihicrede,
632 3187 696 3230 nen
719 3187 866 3247 pessum;
895 3186 952 3228 nee
976 3185 1026 3229 me
1057 3167 1225 3245 turpitudo
1243 3169 1343 3229 deter-

185 3284 243 3353 ret,
264 3281 322 3340 etsi
336 3279 473 3341 maxime
490 3279 636 3340 debebat.
657 3279 756 3350 Quam
769 3277 853 3337 enim
869 3276 972 3352 turpis
985 3282 1031 3336 est
1045 3276 1228 3351 assentatio,
1246 3292 1340 3354 quum

185 3384 287 3445 vivere
299 3386 405 3464 ipsum
420 3391 512 3464 turpe
531 3385 570 3444 sit
585 3383 677 3444 nobis
692 3389 698 3444 l
721 3405 735 3443 v

225 3493 323 3562 eram
341 3492 489 3552 Κολακείαν
506 3493 637 3565 dixerat,
657 3490 709 3551 hie
724 3491 863 3569 appellat
876 3493 1119 3551 assentationem.

223 3603 338 3662 Ibidem
356 3602 443 3681 (Xlll,
473 3601 544 3681 illl:
565 3623 580 3658 a
596 3600 697 3671 Quid?
716 3605 748 3660 tu
772 3600 913 3660 bunede
930 3616 1057 3676 pompa,
1085 3596 1208 3669 Quirini
1236 3603 1339 3657 eentu-

183 3711 343 3785 bernean,
373 3709 422 3768 bis
440 3707 556 3768 nestris
574 3705 744 3766 moderatis
764 3705 915 3783 Bpistelis
936 3706 1120 3767 laetaturum
1142 3705 1258 3782 putas?
1270 3727 1284 3762 u
1302 3733 1338 3750 ·-

182 3819 276 3895 Apud
291 3818 438 3878 eumdem
464 3815 573 3893 (Epist.
593 3815 655 3887 llll,
670 3813 721 3891 ee)
745 3813 812 3874 haec
830 3815 979 3890 leguntur
995 3834 1000 3874 ι
1016 3836 1031 3871 a
1043 3815 1086 3872 De
1100 3812 1219 3873 Caesare
1237 3813 1338 3873 vicine

181 3918 369 3998 scripseram
395 3920 433 3978 ad
460 3923 505 3989 te,
536 3915 611 3995 quia
636 3933 807 3994 cognoram
833 3935 870 3976 ex
896 3915 957 3976 tuis
979 3915 1102 3977 litteris,
1120 3918 1201 3976 Eum
1224 3916 1337 3974 Σύνναον

181 4025 309 4099 Quirine
326 4027 420 4099 malo,
442 4042 536 4103 quam
552 4024 656 4084 saluti.
669 4045 683 4082 u
703 4057 741 4067 —
755 4024 815 4084 Sed
838 4021 891 4083 hie
914 4023 1023 4084 Cicero
1035 4022 1159 4084 videtur
1174 4041 1284 4085 voeem
1297 4025 1338 4084 la·

182 4131 279 4192 tinam
296 4131 389 4211 paule
408 4131 498 4191 latius
511 4131 692 4191 extendere.

219 4240 264 4297 Bx
276 4256 338 4315 que
355 4237 541 4315 intelligitur
552 4237 739 4298 Ciceronem
754 4253 836 4313 saepe
852 4235 1028 4314 inutraque
1041 4234 1148 4314 lingua
1161 4237 1274 4297 eadem
1289 4255 1336 4298 ex-

181 4345 330 4421 pressisse
359 4345 650 4406 sententiam—At
665 4361 770 4403 rursus
786 4343 1024 4421 philosophicos
1035 4342 1133 4405 libres
1148 4344 1333 4408 evolvamus
