2790 4770
657 392 859 457 -276-

181 527 387 591 nihilominus
411 528 557 608 legimus,
586 547 681 608 quarn
707 531 770 593 hoc
797 529 1060 609 idem'Graecum3
1083 551 1156 613 quae
1171 539 1280 598 autem
1302 539 1342 600 de

181 637 262 699 bene
277 637 432 716 beateque
459 636 592 699 vivendo
617 655 636 698 a
658 637 789 700 Platone
817 639 1074 716 disputatasunt,
1101 642 1172 705 haec
1186 644 1340 723 explicari

182 762 245 806 non
269 745 407 822 placebit
430 743 525 808 latine
550 745 612 826 (l)?
633 745 723 818 Quod
751 747 777 806 si
798 764 854 807 nos
869 764 933 808 non
948 746 1159 828 interpretum
1174 751 1342 830 fungimur

180 874 320 932 munere,
343 857 398 917 sed
422 860 551 916 tuemur
573 872 620 930 ea,
645 873 716 933 quae
731 852 817 917 dicta
837 856 961 917 suntab
979 856 1031 933 iis,
1052 875 1133 936 quos
1150 857 1337 936 probamus,

177 968 284 1046 eisque
312 968 456 1025 nostrum
481 961 639 1041 judicium
667 968 698 1023 et
722 967 866 1025 nostrum
889 962 1049 1025 scribendi
1066 962 1215 1026 ordinem
1229 966 1340 1045 adjun-

91 1140 95 1147 ,
177 1071 299 1152 gimus:
318 1070 394 1150 quid
410 1068 529 1130 habent
549 1087 607 1130 cur
623 1071 730 1131 Graeca
752 1074 949 1148 anteponant
965 1069 1014 1146 iis,
1032 1088 1103 1150 quae
1123 1077 1154 1135 et
1168 1071 1337 1151 splendide

175 1178 347 1248 dictasint,
364 1193 469 1255 neque
490 1175 553 1236 sint
573 1192 724 1236 conversa
746 1176 786 1236 de
800 1177 972 1239 Graeoisl...
992 1180 1179 1258 Quanquam
1198 1180 1225 1240 si
1242 1182 1336 1259 plane
1359 1167 1361 1170 ’

174 1285 220 1346 sic
234 1288 389 1346 verterem
401 1282 565 1343 Platonem
585 1288 639 1344 aut
655 1283 871 1365 Aristotelem,
888 1291 923 1348 ut
938 1288 1102 1349 verterunt
1115 1288 1217 1350 nostri
1231 1295 1335 1366 poetae

174 1391 312 1453 tabulas:
334 1391 427 1465 male,
445 1373 552 1464 credo,
572 1408 711 1454 mererer
736 1391 775 1452 de
793 1392 873 1453 meis
889 1391 1024 1466 civibus,
1044 1393 1070 1454 si
1090 1394 1129 1453 ad
1145 1410 1259 1455 eorum
1281 1412 1335 1456 co-

173 1497 345 1578 gnitionem
379 1496 485 1558 divina
506 1496 559 1558 1111
586 1498 713 1578 ingenia
743 1499 959 1561 transferrem.
985 1500 1045 1561 Sed
1074 1500 1108 1560 id
1138 1518 1245 1580 neque
1272 1502 1333 1565 ieci

171 1607 286 1682 adbuc,
302 1622 361 1667 nec
380 1605 459 1666 mihi
473 1610 590 1684 tamen,
608 1624 648 1667 ne
663 1606 789 1681 faciam,
818 1606 1024 1669 interdictum
1040 1612 1129 1687 puto.
1146 1610 1250 1670 Locos
1266 1610 1334 1689 qui-

170 1717 244 1776 dem
269 1715 436 1795 quosdam,
466 1712 492 1773 si
520 1712 687 1790 videbitur,
715 1714 938 1776 transieram...
966 1716 1030 1778 Nec
1051 1734 1139 1794 vero,
1166 1723 1202 1778 ut
1223 1722 1333 1783 noster

170 1826 320 1900 Lucilius
338 1822 492 1886 recusabo
508 1821 679 1901 quominus
694 1840 805 1883 omnes
820 1840 892 1884 mea
905 1825 1012 1904 legant
1026 1823 1076 1904 (2).
1090 1845 1105 1882 11

163 1995 165 1999 ,
210 1931 273 1990 Sua
287 1929 384 2009 igitur
408 1928 454 1988 vel
474 1927 515 1988 de
531 1927 661 1988 Platone
680 1933 735 1988 aut
760 1929 928 1991 Aristotele
948 1947 1108 2005 conversa,
1123 1929 1164 1991 ab
1181 1931 1330 1993 omnibus

169 2035 230 2116 legi
243 2052 434 2115 magnopere
457 2035 523 2095 vult
541 2033 665 2110 Cicero,
680 2052 738 2096 nec
756 2036 857 2096 ullum
875 2035 969 2098 timet
989 2037 1157 2113 lectorem,
1174 2055 1276 2116 quum
1291 2041 1328 2100 ad

170 2145 302 2204 brutum
319 2164 334 2201 u
350 2159 390 2202 ne
416 2140 533 2203 Graecis
560 2140 880 2221 quidem’cedentem
905 2142 939 2202 in
962 2143 1196 2222 Philosophia»
1216 2147 1331 2209 audeat

85 2307 86 2310 ,
169 2248 317 2310 scribere.
334 2249 422 2308 ldem
436 2247 553 2309 fatetur
565 2245 756 2326 quibusdam
770 2267 826 2309 usu
841 2249 1006 2325 venirent
1021 2251 1244 2315 abhorreanta
1258 2253 1329 2316 lati·

168 2355 227 2432 nis,
244 2354 329 2434 quod
344 2354 517 2416 inciderint
535 2354 567 2414 in
581 2354 702 2416 inculta
716 2356 866 2434 quaedam
882 2362 914 2418 et
928 2357 1069 2428 horrida,
1089 2358 1129 2421 de
1146 2362 1330 2423 1111111111-

169 2462 214 2528 cis
227 2462 323 2524 latine
337 2461 456 2540 scripta
476 2461 624 2523 deterius.
648 2463 736 2523 «Res
752 2479 823 2523 vero
845 2462 956 2539 bonaS,
974 2463 1089 2543 inquit,
1102 2465 1208 2527 verbis
1219 2469 1330 2530 electis

170 2571 304 2652 graviter
323 2575 495 2646 ornateque
511 2569 620 2643 dictas,
636 2566 706 2647 quis
722 2585 786 2628 non
811 2569 916 2647 legat?
929 2569 990 2629 nisi
1009 2571 1110 2649 quise
1127 2572 1221 2650 plane
1249 2577 1331 2636 Grae·

171 2695 244 2739 cum
267 2675 330 2737 dici
358 2675 470 2737 velit...
487 2695 502 2731 11
530 2678 605 2735 Haec
630 2675 698 2752 ipse
714 2676 752 2736 de
775 2693 807 2736 se
824 2676 987 2753 praedicat,
1004 2694 1040 2737 ac
1058 2678 1186 2758 nequis
1203 2680 1330 2743 dubitet

171 2786 247 2865 quin
262 2782 353 2845 111111
368 2781 409 2843 sit
422 2781 585 2860 promissis
602 2780 828 2856 satisfacturus,
841 2781 958 2843 iterum
976 2790 1132 2845 asseverat
1152 2807 1167 2844 a
1182 2784 1328 2847 Latinam

170 2893 322 2973 linguam,
341 2907 405 2951 non
425 2887 522 2950 modo
540 2905 604 2947 non
619 2887 748 2966 inopem
764 2869 817 2967 (3'),
835 2894 869 2950 ut
881 2891 972 2968 vulgo
990 2896 1150 2968 putarent,
1173 2894 1230 2954 sed
1243 2893 1331 2956 locu·

171 3003 340 3080 pletiorem
356 3000 452 3060 etiam
468 3014 645 3077 essequam
663 2998 842 3057 Gramma

204 3217 239 3282 (l)
257 3214 381 3279 Majorem,
395 3223 423 3261 ut
434 3210 494 3260 mihi
506 3211 615 3275 videtur,
624 3210 650 3259 in
661 3210 809 3260 Academicis
822 3211 907 3263 Cicero
914 3229 963 3278 prae
972 3229 997 3263 se
1009 3212 1056 3264 tert
1064 3213 1188 3277 fiduciam,
1200 3226 1225 3266 et
1240 3218 1332 3270 bonum

170 3300 303 3366 quemlibet
316 3297 499 3364 philosophum.
515 3297 672 3362 interpretem
681 3297 819 3346 Graecorum
831 3308 874 3348 aut
888 3297 1042 3360 imitatorem,
1055 3299 1118 3349 bene
1127 3302 1218 3350 mereri
1229 3304 1260 3354 de
1274 3306 1333 3372 clvi.

171 3390 215 3438 bus
229 3387 297 3453 quasi
309 3385 424 3452 praedicat
438 3403 443 3433 :
460 3407 473 3426 «ι
486 3383 580 3443 Latina,
597 3383 639 3446 ait,
655 3384 697 3449 qui
710 3383 792 3433 Graeca
809 3401 858 3432 non
871 3394 995 3449 poterunt,
1011 3395 1036 3435 et
1048 3387 1090 3451 qui
1106 3384 1190 3437 Graeca
1204 3400 1331 3455 poterunt,

172 3490 221 3521 non
233 3479 389 3521 contemnent
409 3486 459 3519 sua.
477 3469 540 3530 Quid
554 3468 619 3516 enim
634 3484 710 3517 causae
729 3477 764 3518 est
780 3485 823 3517 cur
835 3479 918 3534 poetas
937 3470 1026 3519 latinos
1042 3471 1124 3536 graecis
1138 3472 1230 3523 litteris
1244 3475 1334 3525 eruditi

174 3561 261 3625 legant,
277 3555 433 3624 philosophos
458 3571 507 3604 non
525 3553 983 3619 11511111111111111111111111111111,
1000 3556 1126 3617 Pacuvius,
1150 3559 1235 3612 Attius
1238 3603 1290 3615 .....
1302 3592 1332 3600 -

173 3645 268 3705 Quanto
286 3641 360 3707 magis
374 3640 512 3707 philosophi
525 3638 688 3697 delectabunt,
704 3638 733 3699 si,
749 3648 776 3688 ut
789 3637 826 3687 illi
839 3639 987 3706 AEschylum,
1000 3641 1156 3707 Sophoclem,
1175 3647 1332 3716 Euripidem,

173 3734 207 3782 sic
223 3731 250 3782 hi
264 3730 389 3781 Platonem
406 3729 540 3789 imitentur,
556 3725 719 3785 Aristotelem,
733 3724 948 3791 Theophrastum?
961 3748 972 3771 11
987 3727 1077 3793 (Acad,
1092 3730 1111 3794 1,
1128 3733 1166 3797 3.)

210 3819 245 3882 (2)
261 3822 297 3865 De
312 3816 365 3865 Fin.
379 3814 398 3872 I,
415 3819 428 3863 2
444 3822 468 3863 et
483 3818 506 3862 3.

209 3903 245 3968 (3)
264 3905 299 3948 De
313 3900 369 3949 Fio.
386 3898 405 3962 l,
421 3903 444 3948 3.
455 3926 484 3933 -
496 3896 588 3944 Ibidem
605 3911 655 3943 sese
672 3894 814 3943 insolentius
826 3893 927 3945 efferens
940 3914 944 3945 :
956 3919 968 3942 a
980 3897 1081 3958 Quando
1096 3901 1172 3963 enim,
1189 3903 1284 3970 inquit,
1298 3907 1334 3956 vel

174 3987 244 4036 nobis
260 3985 339 4035 dicam
353 3992 395 4032 aut
409 3980 545 4030 oratoribus
558 3978 628 4028 bonis
642 3988 684 4026 aut
699 3979 783 4043 poetis,
796 3987 877 4043 postea
890 3979 988 4043 quidem
1002 3998 1076 4046 quam
1091 3983 1139 4034 suit
1155 4003 1231 4051 quem
1251 3988 1332 4038 imita-

173 4083 268 4133 rentur,
280 4071 344 4119 ullus
356 4065 474 4117 orationis
488 4064 525 4112 vel
538 4062 640 4127 copiosae
654 4061 692 4110 vel
707 4062 820 4126 elegantis
832 4072 932 4112 ornatus
946 4064 1187 4119 1111111111-1111111
1201 4072 1243 4136 (de
1258 4072 1287 4122 N,
1303 4073 1333 4121 Ι).

174 4157 191 4215 1,
207 4159 233 4223 l)
244 4157 296 4205 haec
306 4155 419 4219 leguntur
432 4168 437 4198 r
452 4147 619 4212 «Complures
633 4145 699 4196 enim
713 4145 794 4211 gr'aeeis
811 4147 1004 4197 institutionibus
1017 4150 1115 4214 eruditi,
1132 4168 1160 4202 ea
1175 4171 1229 4219 quae
1244 4157 1336 4206 didice.

172 4250 236 4298 rant,
253 4255 308 4288 cnm
322 4236 416 4286 civibus
428 4233 476 4282 suis
491 4229 670 4280 communicare
684 4245 733 4278 non
747 4239 868 4295 poterant,
886 4231 952 4295 quod
967 4230 1017 4290 illa,
1034 4249 1088 4297 quae
1099 4250 1112 4284 a
1124 4234 1216 4287 Graecis
1228 4241 1336 4306 accepis-

173 4334 234 4384 seut,
251 4324 326 4374 latine
344 4320 392 4370 dici
411 4334 479 4386 posse
497 4314 643 4365 diffiderent.
660 4312 713 4373 Quo
729 4313 756 4362 in
770 4329 857 4377 genere
871 4323 966 4364 tantum
983 4315 1113 4382 profecisse
1132 4319 1255 4384 videmur,
1276 4331 1302 4382 ut
1319 4339 1333 4372 a

171 4408 259 4459 Graecis
270 4425 300 4458 ne
314 4407 443 4457 verborum
456 4400 554 4470 quidem
568 4400 638 4467 copia
651 4398 835 4448 vinceremur.»
