2790 4770
534 302 741 370 -ntt-

100 442 210 505 Cicero
227 441 280 504 hic
294 443 428 504 verbnm
442 445 589 507 Graecum
603 447 775 525 Συμπάθειαν
789 449 966 527 exprimere
983 444 1083 508 voluit
1099 463 1106 505 ε
1126 444 1212 507 idem

56 550 136 612 alibi
157 551 242 629 apud
258 549 445 612 Ciceronem
462 552 640 632 appellatur
658 575 673 612 a
694 573 796 616 reram
818 559 962 634 captatio,
986 575 1000 612 a
1014 560 1131 616 natare
1145 572 1212 615 coa·

59 661 248 735 scalentin»
270 665 454 720 «concentus
469 667 556 740 atque
569 679 740 724 consensus.
765 685 780 721 n

99 749 228 841 Itidem,
241 783 310 844 cap.
322 769 341 827 5
355 782 410 826 :-
419 768 494 828 Haec
506 767 673 844 disserens,
687 770 799 848 quade
808 787 839 831 re
848 774 958 849 agatur
967 768 1038 830 etin
1049 785 1213 847 quocausa

58 873 221 948 consistat,
248 891 312 935 non
337 872 433 936 videt.
450 875 517 936 Non
545 875 642 953 enim,
665 875 690 937 si
713 878 766 937 alii
787 877 827 938 ad
842 879 902 938 alia
917 874 1137 956 propensiores
1151 875 1214 936 sint

57 987 188 1061 propter
201 1000 306 1042 canses
327 982 483 1042 naturales
508 988 537 1044 et
555 982 768 1059 antecedentes,
790 984 908 1044 idcirco
925 981 1021 1044 etiam
1032 986 1213 1043 nostrarum
1278 994 1281 999 ’

57 1089 258 1149 voluntatum
279 1093 374 1167 atque
398 1089 631 1167 appetitionum
652 1097 726 1151 sunt
750 1109 845 1151 causae
864 1091 1023 1150 naturales
1048 1094 1077 1149 et
1100 1093 1216 1149 antece-

57 1196 173 1257 dentes.
198 1198 277 1256 Nam
306 1194 386 1255 nihil
401 1200 484 1256 esset
497 1199 640 1256 innostra
651 1202 812 1273 potestate,
840 1196 865 1256 si
878 1213 927 1256 res
957 1195 1001 1256 ita
1021 1213 1053 1256 se
1069 1194 1212 1255 haberet.

98 1301 207 1362 Cicero
236 1299 461 1381 Προκαταρκτικὰ
491 1300 554 1361 sive
569 1300 761 1381 Προηγούμενα
776 1299 848 1360 αἴτια
862 1305 952 1362 vocat
973 1321 989 1359 (t
1008 1287 1216 1360 'antecedentes

56 1425 173 1468 causas.
188 1428 203 1466 a
222 1408 262 1468 m
286 1410 344 1465 «tn
365 1411 468 1467 nostra
478 1413 623 1483 potestate
635 1429 649 1465 a
669 1409 756 1486 quod
773 1405 872 1469 Stoici
888 1406 948 1488 ’Ep'
963 1412 1025 1484 ἡμῖν
1040 1406 1213 1487 appellant.

56 1515 208 1576 —Paulo
235 1519 307 1592 post
333 1533 347 1569 a
355 1516 540 1592 principales
565 1532 669 1575 causas
683 1535 698 1571 a
716 1515 855 1593 appellat
885 1513 971 1593 Κύρια
998 1512 1044 1571 καὶ
1064 1514 1213 1572 §asennaa

57 1620 140 1696 αἴτια,
162 1639 262 1701 quum
276 1622 320 1682 ait
336 1642 343 1682 :
368 1641 382 1678 a
394 1624 435 1683 Ut
450 1622 535 1681 enim
556 1628 587 1683 et
606 1621 762 1701 ingeniosi
776 1626 808 1683 et
821 1622 904 1682 tardi
919 1623 964 1681 ita
978 1626 1148 1683 nascantur
1162 1640 1215 1682 an·

58 1727 277 1791 tecedentibus
304 1727 418 1804 causis,
447 1728 590 1808 itemque
610 1730 747 1792 valentes
762 1734 793 1791 et
806 1728 957 1790 imbecilli
974 1748 980 1789 :
996 1747 1060 1790 non
1072 1728 1215 1808 sequitur

57 1844 176 1911 tamen,
193 1841 228 1897 ut
248 1837 344 1898 etiam
365 1837 475 1899 sedere
500 1844 532 1898 et
557 1838 719 1898 ambulare
738 1842 770 1899 et
793 1855 861 1900 rem
873 1855 964 1917 agere
981 1837 1119 1915 aliquam
1130 1841 1216 1916 prtu-

56 1943 204 2023 cz’palr'bas
226 1948 327 2005 coasts
344 1943 512 2005 definitum
529 1949 560 2006 et
583 1946 791 2007 constitutum
816 1944 868 2007 sit.
884 1965 900 2004 a
916 1979 956 1991 -
969 1946 1029 2006 Sed
1045 1945 1098 2007 hic
1114 1962 1212 2023 quum

61 2052 274 2128 «principales
288 2070 304 2108 n
320 2049 410 2124 dicit,
438 2049 601 2128 praecipue
618 2050 703 2133 Κύριοι
719 2050 878 2131 exprimit.
892 2052 1114 2131 -Aliquanto
1140 2057 1214 2130 post

59 2157 141 2238 (cap.
168 2159 197 2236 9)
221 2174 350 2220 sensum
371 2157 463 2238 hujus
488 2158 577 2220 verbi
594 2156 743 2218 Συνεκτικὰ
757 2158 903 2237 explicat,
920 2177 1019 2238 quum
1034 2158 1098 2220 ait:
1121 2179 1134 2216 a
1150 2158 1212 2221 Sed

58 2266 191 2328 interest
206 2266 289 2328 inter
301 2283 407 2327 causas
420 2264 551 2346 fortuito
564 2272 750 2346 antepressas
762 2272 793 2329 ct
805 2268 888 2329 inter
903 2285 1012 2328 causas
1025 2267 1212 2329 cohibentes

57 2373 134 2435 inse
145 2372 348 2436 efficientiam
363 2375 552 2436 naturalem.
565 2395 580 2431 a
595 2375 699 2452 Atque
711 2373 764 2435 hic
777 2390 904 2434 rursum
917 2373 980 2433 alio
991 2354 1087 2433 verbo
1103 2375 1215 2453 Προκα-

56 2479 188 2563 ταρκτικὰ
211 2499 267 2542 seu
280 2477 477 2562 Προηγούμενα
496 2479 637 2558 exponit.
666 2481 728 2542 Sed
750 2479 935 2542 adverbium
964 2499 978 2536 a
996 2481 1152 2559 fortuito»
1180 2479 1226 2540 in

57 2592 174 2650 neutro
199 2587 314 2650 horum
340 2585 478 2648 duorum
497 2586 671 2648 includitur
693 2591 747 2648 :ct
768 2586 837 2647 aliis
859 2585 892 2646 in
905 2585 983 2647 locis
1000 2589 1090 2646 vocat
1104 2584 1214 2648 Cicero

58 2711 167 2755 causas
187 2700 388 2772 antepressas,
400 2693 463 2754 hoc
477 2691 661 2753 adverbium
681 2708 745 2752 non
759 2691 889 2752 addens.
904 2689 954 2770 (H.
967 2687 1092 2770 Steph.)

98 2800 215 2861 Ibidem
229 2801 310 2878 (cap.
325 2800 356 2880 6)
370 2816 379 2860 t
395 2833 433 2847 -
448 2799 482 2861 Si
497 2799 582 2860 enim
596 2814 705 2861 serum
721 2803 768 2860 est
784 2799 865 2877 qnod
886 2801 930 2882 tta
942 2802 1140 2873 connectitur,
1158 2818 1173 2854 a
1188 2796 1214 2857 si

60 2909 132 2989 quis
147 2909 269 2972 oriente
284 2908 426 2970 canicula
439 2912 596 2983 natusest,
610 2908 642 2967 in
655 2907 734 2969 mari
751 2925 815 2968 non
825 2906 981 2967 morietur
992 2924 999 2966 :
1010 2925 1025 2962 a
1043 2904 1122 2965 illud
1136 2922 1214 2982 quo-

27 3070 33 3081 .
60 3017 304 3093 queserumest,
321 3034 334 3070 a
341 3013 367 3073 si
374 3012 489 3074 Fabius
497 3014 618 3075 oriente
625 3013 863 3075 caniculanatus
871 3017 929 3087 est,
944 3010 1131 3072 inmarinon
1144 3027 1214 3071 mo·

59 3123 173 3185 rietur.
184 3143 199 3179 n
211 3122 321 3184 -Hic
338 3143 354 3181 a
371 3123 646 3200 pnodcannectitat
661 3144 677 3180 r
696 3128 727 3184 et
741 3122 817 3183 alibi
830 3140 1027 3183 «connexam
1042 3121 1214 3201 dicitquod

60 3224 160 3294 Stoici
184 3230 224 3291 Τὸ
244 3229 431 3309 Συννημμένον
451 3233 499 3293 vel
520 3231 550 3291 τὸ
565 3234 595 3290 ἐκ
615 3231 807 3311 συννημμένων
825 3232 984 3310 appellare
1000 3231 1157 3293 solebant.
1176 3265 1216 3275 -

60 3340 157 3400 Paulo
176 3343 248 3417 post
272 3337 350 3418 (cap.
364 3341 393 3417 6)
415 3358 422 3399 :
447 3340 560 3418 «Ergo
579 3339 647 3400 baec
667 3356 795 3418 quoque
817 3338 985 3418 conjunctio
1002 3342 1049 3399 est
1066 3356 1104 3400 ex
1118 3356 1213 3417 repu-

59 3446 266 3527 gnantibus»
283 3465 297 3502 a
311 3450 398 3506 etest
410 3443 535 3519 Fabius,
549 3445 623 3506 etin
638 3446 716 3506 mari
736 3444 850 3507 Fabius
865 3446 1029 3508 morietur.
1047 3468 1061 3503 s
1076 3479 1118 3491 —
1134 3449 1213 3526 Συμ-

59 3551 241 3632 πιπλεγμνον
254 3552 354 3613 iidem
368 3532 523 3614 vocabant
537 3553 693 3630 quamhic
707 3553 814 3615 Cicero
829 3557 1076 3631 conjunctionem.
1091 3586 1133 3603 -
1145 3557 1214 3618 Sta-

58 3659 118 3722 tim
135 3664 230 3738 post:
251 3661 360 3738 «Ergo
373 3659 450 3719 illud
466 3678 481 3716 a
497 3659 653 3721 morietur
668 3659 795 3721 inmari
817 3661 932 3721 Fabius
946 3685 960 3720 a
984 3680 1022 3723 ex
1043 3679 1080 3724 co
1098 3680 1213 3741 genere

61 3765 203 3844 estquod
218 3767 295 3843 fleri
315 3782 377 3825 non
393 3770 498 3844 potest.
528 3784 543 3822 a
564 3765 672 3826 Graece
690 3766 752 3825 Τῶν
770 3764 904 3826 ἀδυνάτων
924 3767 990 3826 ἐστί.

103 3872 228 3947 Ibidem,
245 3888 314 3950 cap.
331 3874 350 3932 ‘t
368 3890 375 3932 :
393 3903 430 3912 —
505 3890 519 3927 a
531 3871 583 3945 Ut,
600 3889 699 3948 quum
714 3873 776 3933 duo
791 3873 953 3934 individua
971 3892 1028 3953 per
1040 3878 1217 3937 inanitatem

60 3980 213 4054 terantur,
227 3978 361 4039 alterum
386 3980 532 4054 ereptonc
557 3982 731 4054 moveatur,
756 3977 892 4040 alterum
908 3980 1058 4042 declinet.
1075 4003 1089 4040 a
1107 4013 1148 4027 -
1160 3982 1213 4042 ln

62 4086 196 4162 dianna,
226 4085 320 4164 ἄτομοι
336 4103 343 4145 :
360 4100 430 4162 quae
456 4081 544 4158 alibi,
569 4083 726 4144 talliottaa
748 4086 907 4164 corpascal
927 4132 935 4147 .
958 4121 998 4132 -
1012 4087 1161 4162 lanatas,
1177 4086 1217 4146 Τὸ

63 4193 159 4255 Κενόν.
169 4193 248 4253 -Ε
259 4190 388 4271 reptant,
412 4187 494 4251 Κατὰ
506 4188 638 4267 στάθμην.

103 4304 202 4366 Paulo
217 4303 294 4382 'post
318 4299 399 4381 (cap.
425 4297 476 4380 10)
495 4317 502 4361 :
523 4331 561 4345 -
580 4321 595 4358 a
620 4301 668 4362 Ad
686 4301 953 4380 perpendiculum
974 4301 1070 4364 rectis
1095 4302 1212 4365 lineis»
