2790 4770
562 402 761 464 -159-

497 617 596 670 VARlA
614 617 818 669 FRAGMENTA.

460 733 595 790 Πλάτωνος
611 732 737 792 Πολιτεία,
752 733 816 797 βιόλ.
829 733 861 780 Α.

210 887 305 951 Δοκεῖ
318 885 375 981 γοίρ
393 913 444 980 μοι
460 895 570 979 χρῆναι
587 881 672 977 παρὰ
689 886 790 950 αὐτῶν
814 879 1027 964 πυνθάνεσθαι,
1051 885 1150 969 ῶσπερ
1173 877 1243 946 τινὰ

81 999 162 1076 όδὸν
174 1007 441 1102 προεληλυθότων,
455 1009 491 1085 ἢν
507 1008 557 1077 καὶ
576 1013 657 1101 ἡμᾶς
673 1005 745 1084 ἴσως
761 998 865 1081 δεη’σει
885 1005 1086 1099 πορεύεσθαι,
1102 1001 1177 1071 ποία
1195 1005 1243 1082 τίς

81 1135 161 1217 ἐστι,
180 1125 306 1227 τραχεῖα
331 1134 383 1200 καὶ
400 1136 535 1226 χαλεπδ,
558 1131 577 1207 ἢ
605 1123 696 1226 ῥαδία
715 1131 765 1199 καὶ
787 1132 925 1225 εὔπορος.
954 1115 1032 1223 [Καὶ
1054 1120 1092 1204 δὴ
1113 1127 1165 1195 καὶ
1189 1139 1243 1196 σοῦ

81 1249 182 1336 ἡδέως
203 1251 238 1322 ίιν
255 1260 404 1351 πυθοίμην
421 1261 481 1338 ὅ,τι
495 1284 544 1326 σοι
559 1256 700 1352 φαίνεται
722 1267 830 1344 τοῦτο,
852 1247 957 1332 ἐπειδη
985 1257 1116 1324 ἐνταῦθα
1136 1247 1198 1330 ’ἤδη
1218 1250 1245 1322 εἷ

86 1393 143 1461 τῆς
156 1380 286 1463 ἡλικίας,
302 1380 318 1450 ό
335 1376 373 1460 δὴ
394 1386 444 1452 ἐπὶ
463 1387 576 1478 γιόραος
591 1376 673 1472 οὐδῷ
695 1383 785 1476 φασὶν
812 1378 887 1450 εἶναι
903 1383 930 1451 οἱ
954 1381 1095 1470 ποιηταὶ,
1114 1380 1244 1474 πότερον

83 1511 219 1602 χαλεπὸν
238 1521 294 1578 τοῦ
316 1510 396 1597 βίου,
420 1509 438 1587 ἢ
458 1521 522 1589 πῶς
549 1513 585 1578 σὺ
601 1512 674 1578 αὐτὸ
692 1495 909 1605 ἐξαγγελλεις].
930 1493 1004 1601 Εγιό
1026 1506 1090 1586 σοι,Ι
1116 1508 1185 1599 ἔφη,
1209 1511 1244 1583 νη

83 1635 140 1701 τὸν
163 1632 223 1700 Δία
243 1638 311 1726 ἐρῶ,
342 1630 558 1728 ῶΣώκρατες,
584 1633 645 1703 οἷόν
666 1637 696 1730 γ’
723 1633 791 1728 ἐμοὶ
818 1632 970 1727 φαίνεται.
995 1631 1153 1711 Πολλάκις
1185 1629 1244 1726 γὰρ

86 1757 294 1849 συνερχόμεθά
313 1785 390 1838 τινες
407 1759 447 1838 εἰς
464 1759 574 1839 ταύτὸ,
596 1758 813 1852 παραπλησίαν
834 1754 955 1832 ἠλικίαν
975 1758 1108 1849 ἔχοντες,
1129 1748 1246 1822 διασῶ·

85 1874 190 1961 ζοντες
207 1883 261 1955 τὴν
282 1881 417 1951 παλαιὰν
437 1882 614 1979 παροιμίαν.
641 1884 683 1949 Οί
707 1880 758 1951 οὖν
774 1889 914 1952 πλεῖστοι
932 1889 1018 1975 ημῶν
1041 1882 1245 1973 ὀλοφύρονται

86 2001 253 2090 ξυνιόντες,
271 2005 326 2088 τὰς
349 2013 378 2076 ἐν
397 2020 438 2104 τῇ
455 2011 576 2086 νεότητι
601 2000 715 2090 ἡδονὰς
737 2009 902 2088 ποθοῦντες
931 2007 983 2078 καὶ
1011 2009 1245 2102 ἀναμιμνησκό-

86 2159 173 2227 μενοι
192 2131 262 2225 περὶ
280 2127 466 2228 τάφροδίσια
484 2136 536 2204 καὶ
550 2136 619 2231 περὶ
637 2137 751 2216 πότους
766 2136 818 2203 καὶ
839 2135 966 2229 εὐωχίας
986 2139 1040 2203 καὶ
1063 2133 1133 2204 ἀλλ’
1150 2133 1245 2218 σ’ίττα,

86 2255 184 2325 ἂτῶν
202 2260 347 2327 ’τοιούτων
363 2261 483 2352 ἔχεται’
502 2261 553 2330 καὶ
569 2263 791 2357 ἀγανακτοῦσιν
808 2267 847 2340 ὡς
872 2262 1012 2357 μεγαλων
1033 2268 1122 2329 τινῶν
1148 2259 1246 2331 ἀπεσ-

86 2386 259 2479 τερημένοι,
275 2383 328 2452 καὶ
346 2390 418 2454 τότε
436 2387 490 2480 μὲν
519 2385 550 2454 εὖ
575 2379 698 2470 ζῶντες,
716 2397 766 2454 νῦν
801 2377 836 2452 δὲ
857 2379 929 2454 οὐδὲ
953 2380 1075 2467 ζῶντες.
1108 2369 1191 2456 Ιθνιοι
1211 2378 1247 2454 δὲ

85 2508 216 2590 καὶτὰς
236 2520 298 2579 τῶν
318 2511 432 2580 οἰκείων
452 2513 688 2608 προπηλακίσεις
716 2525 771 2582 τοῦ
792 2513 891 2610 γήρως
913 2507 1090 2609 ὀδύρονται,
1116 2517 1169 2583 καὶ
1196 2515 1246 2584 ἐπὶ

85 2642 193 2726 τούτῳ
212 2628 252 2715 δὴ
271 2638 309 2705 τὸ
328 2649 424 2733 γῆρας
448 2644 608 2731 ὑμνοῦσιν,
627 2644 697 2708 όσον
714 2649 815 2709 κακῶν
835 2641 934 2735 σφίσιν
959 2639 1070 2711 αίτιον.
1099 2627 1180 2735 Εμοὶ
1209 2632 1244 2708 δὲ

86 2756 245 2848 δοκοῦσιν,
263 2759 288 2829 ὦ
306 2764 478 2858 Σώκρατες,
498 2764 584 2834 οὗτοι
608 2771 641 2833 οὐ
667 2770 703 2835 τὸ
733 2765 831 2834 αἴτιον
859 2766 1026 2835 αἰτιᾶσθαι.
1059 2765 1096 2832 Εἰ
1119 2764 1177 2859 γὰρ
1207 2760 1243 2838 ἦν

86 2898 184 2957 τοῦτο
205 2888 315 2967 αἴτιον,
337 2883 392 2979 κᾷν
410 2893 469 2985 ἐγὼ
485 2888 528 2957 τὰ
542 2889 623 2958 αὐτὰ
641 2902 742 2959 ταῦτα
759 2892 945 2978 ἐπεπόνθειν,
968 2890 1055 2957 ίνεκοί
1074 2915 1109 2984 γε
1132 2893 1244 2983 γήρως,

86 3013 142 3080 καὶ
159 3013 190 3080 οἱ
208 3010 296 3080 ἄλλοι
322 3013 437 3094 ποίντες
455 3017 522 3083 όσοι
546 3017 679 3085 ἐνταῦθα
700 3016 792 3091 ἦλθον
815 3015 955 3096 ἡλικίας·
975 3026 1026 3083 νῦν
1054 3007 1085 3080 δ’
1104 3015 1164 3108 ἐγὼ
1181 3002 1243 3087 ἤδη

85 3140 353 3230 ἐντετύχηκαούχ
367 3143 464 3217 οὕτως
483 3141 585 3232 ἔχουσι
600 3139 652 3206 καὶ
672 3135 789 3226 σίλλοις,
794 3188 892 3210 ........
911 3139 1092 3209 παντοίπασι
1105 3135 1163 3233 γὰρ
1184 3145 1245 3204 τῶν

84 3289 123 3359 γε
140 3263 288 3331 τοιούτων
308 3265 337 3328 ἐν
356 3272 401 3353 τῷ
417 3268 498 3360 γήρᾳ
512 3267 612 3341 πολλὴ
633 3265 732 3358 ιίρηνη
755 3265 873 3360 γίνεται
892 3263 944 3332 καὶ
964 3263 1127 3358 ἐλευθερία.
1150 3247 1245 3329 Επει-

86 3384 149 3459 δᾶν
160 3387 219 3486 γὰρ
240 3390 272 3456 αἱ
286 3392 443 3485 ἐπιθυμίαι
459 3396 639 3460 παύσωνται
657 3391 894 3462 κατατείνουσαι
908 3391 959 3459 καὶ
974 3391 1148 3484 χαλοίσωσι,
1167 3415 1244 3457 παν·

86 3517 210 3586 τοίπασι
227 3523 263 3584 τό
290 3528 344 3585 τοῦ
366 3519 556 3610 Σοφοκλέους
581 3517 713 3613 γίνεται·
736 3509 899 3587 δεσποτῶν
926 3516 1006 3586 ποίνυ
1034 3521 1156 3586 πολλῶν
1180 3516 1246 3582 ἔστι

85 3640 142 3708 καὶ
170 3641 357 3734 μαινομένων
383 3640 591 3736 ἀπηλλοίγθαι.
616 3630 707 3711 Ᾱλλθι
733 3645 785 3712 καὶ
810 3645 930 3713 τούτων
956 3645 1024 3736 πέρι
1049 3641 1185 3708 καὶτῶν
1211 3665 1246 3735 γε

85 3764 165 3855 πρὸς
183 3764 254 3841 τοῦς
269 3762 406 3845 οἰκείους,
426 3765 481 3859 μία
500 3793 545 3846 τις
564 3765 650 3834 αἰτία
669 3769 765 3856 ἐστὶν,
788 3773 823 3837 οὐ
842 3770 880 3836 τὸ
898 3779 1006 3865 γῆρας,
1026 3765 1050 3834 ὦ
1066 3771 1245 3860 Σώκρατες,

85 3894 158 3960 αλλ’
173 3897 190 3959 ὁ
208 3894 322 3987 τρόπος
338 3900 397 3959 τῶν
418 3894 595 3988 ἀνθρώπων.
610 3882 655 3961 Ᾰν
673 3895 727 3988 μὶν
748 3893 806 3992 γὰρ
826 3896 949 3990 κόσμιοι
965 3897 1016 3964 καὶ
1033 3897 1153 3964 εύκολοι
1177 3891 1244 3978 ὦσι,

84 4012 192 4081 καὶτὸ
214 4023 309 4110 γῆρας
328 4015 459 4108 μετρίως
475 4017 556 4085 ἐστὶν
579 4018 743 4088 ἐπίπονον·
760 4020 785 4086 εί
809 4011 844 4087 δὲ
864 4022 918 4113 μὴ,
937 4021 988 4088 καὶ
1003 4030 1111 4116 γῆρας,
1134 4015 1158 4082 ὦ
1181 4016 1247 4080 Σώ-

84 4161 209 4232 κρατες,
229 4136 281 4206 καὶ
302 4138 408 4219 νεότης
432 4145 552 4234 χαλεπὴ
577 4156 622 4235 τῷ
645 4148 778 4234 τοιούτῳ
804 4140 1039 4239 ξομόαίνει,.....
1071 4139 1168 4235 Οἶμαί
1194 4167 1246 4209 σου

85 4266 162 4346 τοὺς
177 4268 322 4353 πολλοὺς,
337 4268 412 4335 όταν
431 4279 532 4338 ταῦτα
546 4274 650 4367 λέγῃς,
668 4277 722 4340 οὐκ
738 4264 957 4366 ἀποδέχεσθαι,
973 4273 1042 4340 ἀλλ’
1062 4267 1199 4366 ἡγεῖσθαί
1214 4293 1247 4335 σι

86 4383 203 4485 ριίδίως
221 4390 256 4462 τό
276 4402 374 4490 γῆρας
393 4396 505 4490 φύρειν,
530 4400 564 4465 οὑ
585 4389 639 4466 διὰ
657 4398 712 4468 τὸν
732 4400 866 4495 τρόπον,
895 4397 977 4467 ἀλλὰ
1001 4389 1055 4464 διὰ
1073 4396 1110 4465 τὸ
1129 4394 1248 4468 πολλὴν
