2790 4770
631 261 833 327 -rrs-
910 341 912 345 v

192 401 268 474 Oua
290 400 353 462 sint
365 419 441 464 vero
459 401 555 466 verba
568 403 622 466 illa
644 403 798 480 inaudita,
821 422 894 486 quae
908 397 1071 492 translata,
1086 405 1155 485 jam
1171 423 1260 469 nunc
1273 406 1315 470 vi·

152 506 292 568 dendum
308 511 365 571 est.
380 511 422 571 At
436 510 544 572 Graeca
562 511 596 572 in
610 513 722 591 primis
742 512 883 590 nomina,
901 513 1016 593 quibus
1030 531 1106 575 usus
1123 518 1172 576 est
1187 513 1310 591 Cicero,

153 619 367 695 proferamus.

191 723 296 787 Pauca
307 726 438 804 quidem
454 745 491 788 ex
504 726 542 788 iis
559 727 643 807 apud
654 727 744 788 illum
759 729 972 807 reperiuntur,
986 729 1063 792 lieet
1078 731 1118 793 de
1131 732 1246 792 Latina
1256 736 1311 792 aut

152 832 261 894 Graeca
287 834 466 897 elocutione
494 835 618 897 Atticus
645 834 748 895 Tullio
780 835 938 914 quidlibet
956 838 1095 899 audendi
1118 843 1310 916 potestatem
1344 892 1347 898 ,

153 941 285 1004 dederit.
306 943 537 1018 «Quinetiam,
555 944 609 1018 ait,
628 944 744 1006 Graecis
760 944 871 1006 licebit
883 951 983 1021 utare,
1001 964 1101 1026 quum
1116 947 1213 1021 voles,
1235 948 1262 1007 si
1282 953 1312 1009 te

152 1052 262 1112 Latina
275 1052 357 1113 forle
366 1053 525 1114 deficient.
540 1054 669 1113 —Bene
681 1070 755 1114 sane
768 1053 844 1114 lacis
856 1052 973 1134 (inquit
984 1054 1123 1131 Cicero);
1141 1055 1198 1115 sed
1212 1055 1314 1117 enitar

153 1164 188 1221 ut
201 1160 298 1222 latine
312 1160 434 1238 loquar,
451 1160 512 1220 nisi
524 1160 699 1238 inhujusue
714 1159 802 1221 rnodi
817 1160 931 1236 verbis,
950 1166 986 1223 ut
1003 1159 1248 1240 Philosophiam
1261 1166 1314 1223 aut

154 1264 358 1328 Rhetoricam
386 1273 439 1328 aut
461 1268 629 1347 Physicam
644 1273 697 1330 aut
717 1268 922 1331 Dialecticam
943 1271 1113 1351 appellem,
1130 1268 1262 1348 quibus,
1280 1274 1314 1331 ut

153 1371 224 1434 aliis
242 1374 359 1450 multis,
378 1375 575 1436 consuetudo
596 1376 664 1455 jam
676 1376 775 1439 utitur
787 1395 844 1456 pro
859 1377 977 1440 Latinis
990 1377 1044 1458 (l).
1062 1398 1078 1435 n
1094 1411 1134 1423 -
1146 1377 1269 1438 Clarius
1285 1382 1314 1438 et

153 1480 293 1559 apertius
318 1481 352 1542 in
379 1483 440 1544 alio
466 1485 537 1545 loco
567 1485 757 1547 sententiam
772 1486 912 1564 exponit.
935 1487 1010 1557 Ouae
1028 1503 1127 1565 quum
1147 1504 1206 1565 pro
1223 1503 1313 1565 argu·

154 1597 262 1654 mento
279 1594 319 1655 sit
336 1599 472 1656 curtam
487 1613 588 1675 pauca
603 1615 621 1657 a
641 1595 758 1657 Graecis
779 1596 932 1658 vocabula
948 1594 1105 1675 petiverit,
1125 1612 1191 1655 non
1206 1594 1263 1655 abs
1280 1611 1313 1654 re

67 1731 69 1734 >
155 1701 294 1762 alienum
308 1701 430 1764 videtur
444 1720 513 1764 eam
525 1719 777 1765 commemorare
795 1721 802 1764 :
823 1703 915 1764 «Etsi
935 1703 1010 1784 (ait),
1029 1701 1114 1781 quod
1126 1719 1212 1782 saepe
1232 1700 1310 1761 dixi·

154 1824 237 1885 muS,
261 1810 437 1889 etquidem
454 1828 527 1872 cum
552 1812 657 1890 aliqua
680 1811 808 1890 querela
823 1829 887 1872 non
914 1812 1100 1872 Graecorum
1116 1810 1226 1884 modo,
1256 1811 1309 1871 sed

154 1917 249 1979 ctiam
265 1934 386 1994 eorum,
403 1920 458 1998 qui
480 1936 513 1980 se
534 1921 658 1982 Graeoos
686 1919 785 1998 magis
811 1935 905 1999 quam
928 1922 1053 1979 nostros
1064 1917 1175 1978 haberi
1189 1918 1309 1991 volunt,

155 2040 212 2084 nos
226 2041 291 2084 non
305 2025 402 2084 modo
419 2041 483 2084 non
498 2024 581 2084 vinci
601 2041 618 2083 a
634 2023 747 2084 Graecis
761 2022 931 2083 verborum
946 2021 1050 2100 eopia,
1073 2021 1128 2082 sed
1149 2039 1218 2082 esse
1235 2021 1268 2081 in
1279 2038 1313 2083 ea

155 2130 250 2191 etiam
278 2128 472 2208 superiores:
491 2131 719 2193 elaborandum
733 2135 790 2205 est,
812 2140 847 2190 ut
861 2129 922 2191 hoc
936 2146 1000 2189 non
1012 2129 1049 2188 'in
1075 2128 1193 2189 nostris
1208 2130 1313 2190 solnm

156 2237 287 2311 artibus,
318 2239 372 2298 sed
393 2238 489 2298 etiam
508 2237 542 2298 in
557 2238 686 2299 illorum
701 2237 842 2314 ipsorum
866 2253 1111 2315 consequamur.
1125 2237 1314 2315 Quanquam

156 2360 193 2403 ea
206 2344 313 2418 verba,
339 2343 454 2423 quihus
476 2363 512 2405 ex
530 2345 674 2406 instituto
688 2350 829 2407 veterum
845 2345 965 2407 utimur
979 2363 1037 2423 pro
1054 2343 1172 2418 latinis,
1189 2347 1227 2404 ut
1248 2344 1315 2422 ipsa

156 2451 371 2529 Philosophia,
400 2457 434 2512 ut
459 2453 639 2524 Rhetorica,
661 2453 844 2527 Dialectiea,
868 2452 1094 2525 Grammatica,
1121 2449 1314 2528 Geometria,

156 2557 285 2633 Musica,
316 2576 497 2637 quanquam
518 2559 613 2619 latine
640 2576 674 2619 ea
696 2558 759 2620 dici
777 2564 934 2637 poterant,
948 2562 1067 2632 tamen,
1085 2556 1240 2634 quoniam
1254 2575 1313 2618 usu

158 2670 317 2745 praecepta
334 2672 416 2743 sunl,
433 2671 539 2727 nostra
554 2668 707 2729 ducamus
725 2668 776 2748 (2).
789 2690 804 2726 r

200 2884 232 2948 l⁰
250 2887 353 2949 Gracc
366 2887 464 2947 cerdo.
479 2920 519 2930 —
536 2887 581 2946 Ex
595 2886 661 2946 istis
676 2885 764 2959 loch,
788 2902 866 2963 quos
882 2902 976 2962 supra
987 2884 1133 2962 legimus,
1152 2882 1222 2944 haec
1239 2888 1313 2944 sunt

160 2997 254 3059 verba
269 3016 370 3077 graeca
387 2996 428 3078 (3)
450 3015 521 3077 quae
538 3015 595 3075 pro
611 2997 716 3058 latinis
732 2997 819 3074 prius
838 2993 975 3055 habehat
992 2994 1202 3067 consuetudo
1216 3008 1312 3072 quam

161 3105 280 3166 Tullius
301 3107 465 3170 Platonem
479 3108 532 3164 aut
545 3104 748 3164 Aristotelem
762 3107 899 3163 verteret
915 3121 922 3161 :

467 3312 468 3315 ’
563 3316 745 3377 Dialectioa.

565 3426 755 3488 Geometria.

567 3530 789 3594 Grammatica.

565 3641 693 3702 Musica.

165 3869 279 3921 Inhihitio
291 3877 373 3918 autem
386 3867 503 3932 remigum
514 3876 607 3915 motum
619 3865 701 3926 habet,
717 3874 741 3914 et
755 3862 959 3914 vehementiorem
974 3862 1072 3928 quidem
1084 3862 1269 3928 remigationis,
1284 3880 1328 3913 na-

166 3976 221 4010 vem
235 3953 396 4007 convertentis
409 3954 440 4002 ad
452 3953 562 4020 puppim.
574 3976 586 3994 »

200 4045 234 4112 (l)
253 4038 368 4092 Academ.
384 4038 403 4097 l,
419 4043 442 4088 l.

201 4133 237 4196 (2)
256 4133 292 4177 De
305 4127 359 4177 Fin.
376 4125 417 4187 lll,
432 4128 455 4176 2.

201 4219 237 4283 (3)
254 4216 345 4264 Eadem
358 4212 424 4280 apud
437 4210 553 4260 Senecam
566 4208 678 4274 leguntur
690 4205 778 4276 (Epist.
793 4208 833 4265 82,
848 4207 889 4265 87,
906 4206 936 4253 88
952 4213 976 4253 et
990 4203 1059 4267 alibi)
1069 4204 1178 4269 exceptis
1187 4206 1329 4258 nominibus

169 4324 182 4348 (ι
192 4300 297 4368 Physica
306 4324 318 4344 »
330 4307 354 4348 et
366 4319 379 4345 a
389 4295 515 4347 Rhetorica
526 4319 547 4348 a.
557 4323 588 4332 -
606 4291 727 4343 Rhetorice
741 4291 768 4340 in
782 4306 827 4340 usu
836 4299 871 4340 esl
880 4290 946 4356 apud
956 4288 1058 4350 Quintil.
1074 4291 1145 4352 (last.
1161 4294 1231 4340 Orat.
1245 4290 1278 4353 11,
1294 4292 1326 4356 l).
