2790 4770
644 330 844 395 -234-

497 520 542 572 llio
556 521 670 593 leguntur
681 523 791 587 quaedam
804 521 933 588 proverbia
948 523 994 586 (Ι).
1075 498 1079 503 '

211 704 288 782 Ciu,
302 708 340 769 de
354 711 432 789 Ost,
452 712 476 785 Ι,
494 729 564 791 eap.
584 716 622 774 l6
638 732 644 773 :
661 713 737 771 -Ε
752 711 868 792 quihus
884 709 962 798 ipsis
978 716 1084 774 uetera
1098 707 1144 771 sie
1157 707 1334 770 observen-

170 817 233 889 tur,
249 819 283 875 ut
298 815 330 876 in
342 818 524 880 Graeoorum
539 818 708 898 proverbio
724 812 790 881 est':
808 840 824 878 ν
839 804 1025 881 Aurioorum
1037 834 1105 880 esse
1118 816 1231 877 omnia
1244 832 1334 877 eom-

170 920 278 983 munia
297 922 366 1003 (2).n
1107 933 1110 938 ·

210 1022 287 1099 Ciu,
321 1024 456 1101 litarat,
486 1028 511 1103 l,
541 1044 609 1105 eap.
632 1030 671 1088 ⁶22
695 1045 757 1087 :-·-
774 1028 877 1099 Quum
898 1024 995 1106 igitur
1016 1021 1269 1104 «Noscetess(3)n
1287 1022 1336 1083 di·

172 1129 216 1191 eit
232 1128 284 1211 (t),
301 1131 363 1194 hoe
386 1132 465 1195 dioit
480 1154 496 1191 u
511 1151 605 1195 nosce
620 1131 762 1195 animum
778 1127 879 1196 tuum.
896 1154 912 1191 ν

211 1234 289 1312 Cio,
305 1237 456 1319 Philipp„
474 1242 540 1316 XII,
554 1258 621 1319 cap.
639 1244 657 1301 ἱ)
674 1260 680 1301 :
700 1276 736 1286 -
748 1239 889 1320 Cujusvis
902 1238 1040 1302 hominis
1056 1243 1103 1300 est
1120 1253 1245 1310 orrare;
1263 1236 1334 1297 nul·

171 1341 242 1419 lius,
261 1342 321 1405 nisi
340 1343 527 1425 insipientis,
541 1348 574 1408 in
586 1364 692 1409 errore
706 1364 918 1426 perseverare.
937 1345 1130 1407 Posteriores
1145 1344 1235 1405 enim
1249 1341 1335 1421 eogi-

170 1448 308 1510 tationes
320 1449 366 1530 (ut
381 1451 479 1531 aiunt)
495 1450 702 1530 sapientiores
717 1471 784 1515 esse
798 1452 899 1514 solent
913 1450 966 1532 (5).
1129 1515 1132 1519 ,

213 1556 291 1631 Ciu,
313 1556 447 1636 Tassat,
464 1563 501 1636 V,
524 1578 593 1639 cap.
610 1563 646 1621 ΙΙ
665 1578 671 1620 :
687 1595 728 1605 —
747 1560 821 1621 Mihi
840 1557 972 1640 quidem
983 1558 1015 1618 in
1030 1557 1093 1619 vita
1119 1556 1278 1618 servanda
1292 1552 1337 1614 vi·

172 1664 266 1724 detur
283 1662 336 1726 illa
349 1667 409 1742 lex,
426 1685 497 1746 quae
514 1667 546 1727 in
563 1670 746 1729 Graecorum
762 1667 909 1730 conviviis
925 1665 1109 1727 obtinetur:
1129 1666 1224 1726 «Aut
1240 1665 1334 1738 bibat,
1379 1684 1387 1695 ·

170 1767 284 1851 inquit,
297 1776 352 1834 out
364 1774 451 1834 obeat
466 1776 520 1852 (6.)
534 1796 550 1832 ν

213 1879 290 1956 Ciu,
308 1880 346 1941 de
360 1883 431 1942 Ital.
449 1881 593 1955 Deorum,
608 1882 660 1954 ΙΙΙ,
678 1898 747 1958 cap.
766 1882 785 1940 5
800 1899 807 1940 :
821 1881 949 1940 -Nam
965 1879 1005 1941 de
1021 1880 1129 1956 Sagra,
1147 1879 1336 1940 Graecorum

173 1987 268 2047 etiarn
296 1993 343 2048 est
359 1989 487 2067 vulgare
507 1987 739 2065 proverbium:
762 1987 826 2066 qui,
844 2004 914 2066 quae
930 1984 1099 2059 affirmant,
1115 1982 1256 2046 certiora
1267 2001 1336 2046 esse

173 2091 296 2168 dieunt,
310 2111 406 2173 qnam
423 2093 477 2155 illa
492 2113 562 2173 quae
581 2093 664 2172 apud
678 2094 754 2173 Sngr
756 2110 807 2153 un
822 2093 874 2182 (Ι).

215 2200 294 2274 Ciu,
306 2200 349 2260 ad
361 2199 465 2274 Quint.
474 2202 514 2278 fr.
524 2201 637 2279 Epist.
651 2199 706 2260 lib
719 2200 757 2274 ΙΙ,
771 2202 829 2260 Ι5ε
845 2158 1336 2277 -Quarefaoistuquidemfra

172 2311 273 2379 terne,
291 2306 377 2384 quod
391 2322 442 2367 me
459 2303 595 2368 hortaris
610 2306 677 2386 (sed
689 2305 871 2367 mehercule
886 2309 1067 2366 currentem
1082 2322 1168 2367 nune
1188 2303 1335 2384 quidem)

173 2417 208 2473 ut
225 2412 332 2472 ornnia
352 2429 423 2473 mea
437 2413 542 2474 studia
563 2412 595 2473 in
609 2413 706 2474 istum
725 2431 824 2473 unum
852 2412 1025 2474 conferam.
1042 2447 1078 2459 -
1094 2410 1191 2486 Idan,
1213 2409 1269 2472 lib.
1282 2411 1333 2484 Vl,

173 2518 276 2598 Epist.
294 2521 334 2580 ud
347 2524 494 2595 Atticum,
511 2524 528 2581 Ι
547 2540 554 2581 :
571 2520 753 2593 -Quintus
769 2507 852 2583 lilius
867 2521 918 2600 pie
931 2537 1006 2581 sane
1020 2521 1084 2600 (me
1097 2524 1184 2581 oerte
1196 2519 1334 2580 multum

173 2628 333 2704 hortante,
352 2629 407 2689 sed
424 2634 604 2690 currentem
623 2627 663 2707 (8)
681 2628 823 2689 animuin
846 2627 944 2708 patris
959 2627 1007 2688 sui
1021 2626 1125 2688 sorori
1139 2623 1206 2687 tuae
1221 2642 1333 2688 reoon-

175 2733 301 2795 oiliavit.
409 2800 416 2815 .

214 2842 303 2902 idem
331 2842 463 2904 verbum
489 2848 729 2903 «currentem»
749 2840 781 2901 in
793 2840 944 2919 Epistolis
958 2841 1042 2901 haud
1063 2840 1161 2900 semel
1178 2838 1331 2917 reperias.

172 2951 356 3012 -Exstant
374 2957 526 3029 praeterea
552 2947 604 3009 alii
616 2948 815 3026 interpretati
831 2965 937 3009 vorsus
961 2947 1045 3025 apud
1059 2946 1257 3022 Ciceronem,
1269 2963 1333 3006 non

172 3057 277 3115 tamen
295 3072 312 3114 a
333 3054 494 3116 Cicerone.
511 3055 609 3132 Igitur
625 3051 727 3113 sciens
740 3052 941 3131 praetermisi.
1116 3040 1118 3044 ’

207 3363 242 3427 (Ι)
261 3360 305 3410 llic
319 3360 360 3410 illa
373 3360 498 3427 proposui.
514 3360 624 3425 quamvis
637 3360 704 3409 nullo
717 3361 790 3410 modo
804 3359 835 3409 ud
847 3357 1061 3425 superioresloeos
1075 3353 1233 3422 pertineant,
1247 3369 1281 3404 ue
1291 3369 1334 3402 no·

173 3461 231 3494 runa
246 3461 259 3494 e
273 3444 356 3511 paucis
370 3453 491 3495 constaret
505 3453 587 3509 caput.

207 3550 243 3613 (t)
262 3548 345 3598 Graece
358 3568 365 3602 ε
379 3549 488 3599 «Πάντα
501 3548 592 3600 τὰ.τῶν
606 3549 680 3612 φίλων
692 3547 772 3599 κοινά.
786 3569 798 3590 ν

141 3646 143 3651 ·
209 3635 245 3700 (3)
263 3633 347 3683 Graeca
362 3633 435 3683 verba
449 3642 523 3684 sunl:
537 3653 549 3678 a
563 3634 640 3683 Γνῶθι
655 3632 771 3683 σεαυτόν.
785 3653 797 3675 ν

206 3718 243 3783 (Ι)
261 3717 410 3783 Praeceptum
422 3716 548 3781 Apollinis.

206 3800 243 3865 (5)
260 3797 298 3848 Cf.
313 3797 360 3848 hoc
374 3797 530 3865 proverbium
543 3813 549 3848 :
563 3818 575 3841 ν
588 3799 707 3864 Δευτέραι
721 3796 845 3864 φροντίδες
857 3795 1006 3861 σοφωτέραν.
1023 3813 1036 3839 ν

207 3886 243 3950 (6)
261 3883 344 3933 Graece
356 3884 406 3932 sie:
420 3904 432 3927 u
449 3885 484 3931 ἸΙ
495 3883 553 3940 πῖθι,
567 3880 584 3943 ἢ
598 3882 672 3933 ἄπιθι.
687 3903 698 3925 ν

207 3972 242 4038 (Ι)
262 3970 299 4022 Cf.
315 3969 367 4020 haee
380 3986 457 4035 groeca
469 3986 475 4019 ι
487 3991 499 4012 «
511 3969 668 4034 ’.Ιληθέστερα
682 3969 731 4017 τῶν
745 3966 783 4016 ἐπὶ
798 3967 891 4032 Σάγρᾳ.
905 3986 917 4008 ν

208 4056 245 4121 (8)
262 4055 344 4105 Graeee
356 4054 463 4103 dicitur:
478 4075 489 4096 «ι
502 4053 642 4102 Σπεύδοντα
656 4052 775 4117 ὀτρύνειν.
788 4071 801 4093 ν

629 4234 872 4246 ...mma-
