2790 4770
576 313 778 375 -233-

136 445 214 520 Cin,
235 449 369 525 insani„
392 451 429 524 V,
452 467 521 527 oap.
541 453 576 511 ll
604 469 667 509 :-
683 451 719 510 ut
739 454 786 511 est
800 449 833 510 i'n
848 447 953 529 aliqua
969 448 1032 510 vita
1047 423 1253 527 praedicabile

87 551 228 634 aliquid,
264 559 319 618 aut
335 557 563 637 gloriandum,
592 563 647 619 aut
673 576 740 636 prae
767 575 800 620 se
826 559 994 620 ferendum
1026 563 1093 619 :ut
1121 555 1250 635 Epami-

87 664 230 740 nondas,
477 668 479 672 ’

220 823 349 880 Consiliis
362 823 466 881 nostris
476 824 537 882 laus
547 833 706 882 estattonsa
718 827 864 883 Laeonum
876 825 921 899 (l).

136 985 214 1061 Cio,
243 987 280 1047 de
297 987 417 1062 Dinia,
433 989 469 1063 ll,
488 1005 558 1066 oap.
573 990 613 1050 56
643 1007 650 1048 ε
676 990 808 1051 -Nam
832 1006 931 1069 quum
946 1007 1014 1051 sors
1038 989 1090 1051 illa
1101 988 1185 1051 edita
1201 993 1249 1050 est

84 1083 336 1174 opulentissimo
358 1092 424 1173 regi
439 1092 533 1170 Asiae,
1114 1083 1116 1087 ⁸

221 1251 430 1325 CroesusHalyn
439 1261 588 1324 penetrans
600 1268 734 1327 magnam
744 1261 883 1326 pervertet
893 1269 976 1326 opum
986 1253 1040 1309 vim
1053 1254 1088 1326 (λ)
1102 1271 1109 1309 :

90 1394 235 1476 hostium
249 1414 313 1477 vim
327 1432 394 1477 sese
408 1404 632 1508 perversurum
642 1415 774 1496 putavit,
795 1415 946 1494 pervertit
961 1420 1067 1477 eutem
1086 1431 1186 1477 suam.

136 1522 212 1596 Cio,
226 1522 262 1583 de
275 1521 349 1584 Nol.
370 1525 471 1597 Deovt,
488 1524 539 1596 ΙΙΙ,
554 1527 592 1584 54
607 1542 614 1584 :
631 1545 700 1582 -u
769 1525 877 1603 Neque
892 1525 978 1586 enim
993 1523 1161 1587 convenire
1176 1525 1249 1586 ber-

20 1646 25 1653 ·
91 1631 206 1692 batum
220 1647 286 1692 esse
302 1629 413 1706 lilium,
432 1649 531 1710 quum
546 1631 578 1692 in
595 1631 743 1692 omnibus
756 1632 932 1709 lanispater
947 1630 1084 1712 (Apollo)
1100 1629 1250 1691 imberbis

92 1743 182 1798 esset
196 1736 248 1818 (3).
262 1759 277 1795 n
906 1752 912 1760 ·

92 2038 179 2074 versus
192 2022 236 2074 iste
248 2025 319 2075 datus
332 2034 367 2075 est
381 2024 493 2090 Caligulae
503 2041 510 2076 z
520 2024 611 2091 quippe
629 2024 672 2090 qui
690 2040 747 2074 eum
763 2023 789 2073 in
807 2039 849 2073 ore
864 2039 959 2090 semper
971 2023 1082 2074 haberet.
1099 2023 1251 2085 Quinetiam

91 2104 161 2156 Nero
181 2103 267 2170 (Suet,
282 2103 385 2185 iquen,
401 2123 422 2156 e.
438 2109 480 2172 38)
499 2116 507 2159 :
528 2128 540 2151 u
552 2105 630 2173 Ἐμσῦ
644 2107 671 2157 δὲ
686 2108 776 2166 ζῶντος
788 2127 801 2152 ν
813 2106 905 2171 inquit,
918 2115 943 2156 et
961 2106 1051 2158 Urbem
1065 2105 1162 2156 incendi
1172 2106 1251 2172 jussit.

105 2189 130 2240 Ι.
146 2188 177 2240 V.
193 2187 220 2238 L.

94 2191 106 2256 <
130 2275 167 2341 (l)
183 2190 267 2325 Cic)ero
280 2274 321 2324 hio
334 2275 441 2342 primum
455 2275 573 2326 duntaxat
585 2290 681 2325 versum
691 2274 866 2342 interpretatur
878 2295 891 2320 a
902 2276 1105 2344 Ἐπιγράμματσς
1122 2275 1248 2343 τετραστί·

91 2377 152 2426 χον,
163 2380 176 2404 ν
186 2361 251 2426 quod
264 2376 279 2410 a
292 2359 410 2410 Pausania
425 2361 472 2410 tale
485 2359 586 2426 ponitur
599 2359 625 2408 in
639 2359 751 2410 Boeoticis
764 2377 771 2412 :

320 2471 465 2537 Ἧμετέραις
478 2455 576 2537 βουλαῖς
589 2470 688 2538 Σπάρτη
702 2470 745 2536 μὲν
759 2471 872 2538 ἐκείρατο
886 2471 975 2528 δόξαν·

303 2579 317 2591 -·
394 2556 515 2627 Μεσσήνη
526 2555 547 2605 δ’
562 2556 616 2621 ἱερὰ
627 2555 703 2606 τέκνα
715 2556 798 2622 χρόνῳ
813 2556 919 2623 δέχεται.

295 2690 299 2696 ,
312 2640 382 2699 θήόη
395 2638 416 2688 δ’
431 2640 539 2690 ὅπλοισιν
555 2639 646 2704 μεγάλη
658 2639 727 2696 πόλις
740 2636 920 2702 ἐστεφάνωται,
1012 2651 1014 2655 ·

395 2723 542 2790 Αὐτόνομος
550 2723 570 2774 δ’
579 2725 662 2781 Ἑλλὰς
672 2725 732 2776 πᾶσ’
747 2724 771 2774 ἐν
784 2724 919 2800 ἐλευθερίῃ.
1007 2756 1010 2763 -

110 2816 114 2821 ·
126 2827 168 2912 Ι(2)
176 2843 258 2896 Graeoe
271 2844 306 2896 ita
317 2844 421 2912 scriptus
433 2855 469 2896 est
480 2844 523 2895 hie
536 2861 636 2896 versus:

263 2987 276 3011 α
285 2967 470 3034 ΚροῖσοςΙΙλλνν
484 2967 568 3023 aeaeae
582 2967 688 3032 μεγάλην
703 2967 780 3034 ἀρχὴν
795 2967 953 3020 καταλύσει.»

93 3086 174 3150 Quem
187 3084 296 3152 prolecto
310 3085 455 3148 debuissem,
473 3085 534 3135 sicut
550 3095 575 3136 et
588 3085 657 3151 alios,
673 3087 738 3136 inler
751 3087 887 3152 superiores
900 3102 982 3136 versus
998 3102 1097 3152 grecos,
1119 3085 1249 3152 dequibus
1293 3134 1300 3147 ,

94 3171 183 3222 Cioero
200 3187 282 3223 versus
301 3172 389 3223 latinos
407 3171 480 3234 lecit,
500 3187 627 3238 reponere,
641 3173 678 3223 uti
696 3172 764 3222 hune
782 3172 825 3239 qui
845 3173 871 3222 in
886 3171 1041 3223 Divinatione
1056 3173 1144 3239 legitur
1157 3173 1211 3239 (lib.
1228 3172 1248 3237 l,

93 3272 151 3325 cap.
166 3258 216 3324 dl).
492 3250 495 3259 '

393 3366 436 3424 Epo
445 3373 555 3422 provldebo
564 3382 607 3437 rem
617 3373 687 3423 taram,
697 3379 717 3415 et
726 3374 777 3415 albe
787 3373 887 3424 virgines,

345 3458 383 3510 Cf.
407 3460 478 3525 Ἐμοὶ
492 3460 592 3525 μελήσει
606 3466 692 3520 ταῦτα,
708 3462 750 3511 καὶ
762 3463 861 3518 λευκαῖς
872 3461 966 3529 κόραις.

133 3577 242 3643 (Fulvius
256 3577 358 3629 Ursinus
369 3578 464 3629 notavit
478 3595 573 3630 versum
587 3579 655 3629 illum
666 3581 733 3646 apud
747 3581 863 3642 Treueri,
879 3579 985 3631 Cluiliad.
1002 3581 1055 3647 ΙΙΙ).
1071 3579 1102 3644 (J.
1115 3578 1144 3631 V.
1160 3577 1199 3644 t.)

131 3663 168 3727 (3)
185 3663 275 3714 Notum
286 3674 323 3715 est
335 3680 439 3730 grecum
452 3681 550 3735 carmen
560 3681 568 3718 s

369 3810 681 3829 ..........
703 3777 740 3827 Οὔ
756 3795 817 3828 ποτε
830 3778 926 3828 Φοίδου

364 3861 468 3920 θηλείαις
478 3861 530 3911 οὐδ’
544 3862 620 3912 ὅσσον
635 3862 674 3912 ἐπὶ
684 3861 757 3927 χνόας
768 3855 825 3922 ἦλθε
839 3862 963 3928 neptabin
