2790 4770
574 333 576 338 .
667 315 712 328 —
740 280 799 344 188
822 315 867 328 -

194 441 209 476 «
226 435 299 480 men
321 424 352 481 et
366 406 429 480 rim
454 422 611 494 Deorum3
628 419 752 482 deinde
770 419 876 499 aliquo
903 425 1057 500 temporo,
1076 419 1243 501 patefactis
1255 427 1345 483 terrae

194 546 208 581 ιι
222 525 375 602 faucibus,
396 544 433 588 ex
459 524 526 589 illis
553 526 668 589 abditis
684 527 813 589 sedibus
832 530 964 591 evadere
981 527 1012 589 in
1026 529 1096 591 baec
1108 529 1187 599 loca,
1206 547 1278 610 quae
1292 547 1347 590 nos

195 634 402 712 «incolimus,
428 643 523 717 atque
549 636 635 699 exire
661 636 838 716 potuissent
867 659 873 699 :
898 657 999 717 quum
1022 644 1155 718 repente
1168 645 1299 713 terram,
1319 645 1347 700 et

193 743 320 817 arnaria
348 745 526 824 cretumque
542 743 712 819 vidissent3
732 745 865 806 nubium
891 744 1154 826 magnitudinem,-
1167 753 1348 809 ventorum-

194 871 208 907 «
223 869 284 928 que
309 850 374 912 vim
395 850 626 931 cognovissent,
656 851 741 930 quod
759 849 783 912 is
805 850 891 913 diem
916 845 1067 926 efiiceret,
1088 858 1157 914 toto
1180 852 1262 914 coelo
1280 852 1348 913 luce

195 978 209 1014 ι
224 956 355 1035 disiusa3
373 976 474 1039 quum
486 964 595 1020 autem
618 964 719 1021 terras
739 978 801 1020 nox
828 964 1002 1038 opacasset,
1029 965 1097 1020 tum
1110 959 1230 1032 coelum
1244 964 1348 1021 totum

196 1087 210 1123 ι
225 1062 393 1129 cernerent
410 1066 509 1129 astris·
526 1067 715 1129 distinctum
741 1071 946 1142 stornatum,
963 1068 1113 1146 lunaeque
1123 1047 1286 1128 luminum
1300 1085 1349 1133 ra·

193 1171 370 1236 «rietatem
398 1183 467 1236 tum
489 1176 671 1248 crescentis
694 1180 764 1237 tum
777 1173 980 1248 senescentis,
1006 1191 1182 1255 eorumque
1205 1161 1349 1235 omnium

194 1302 209 1339 ιι
225 1287 312 1342 ortus
332 1287 363 1342 et
387 1300 528 1356 occasus,
557 1288 653 1363 atque
676 1283 708 1343 in
736 1281 824 1345 omni
852 1281 1029 1344 aeternitate
1054 1289 1138 1344 ratos
1164 1271 1350 1343 imm'utahi⁴

195 1411 209 1445 rr
225 1389 334 1468 lesque
349 1406 461 1451 cursus
486 1410 492 1451 :
520 1390 590 1452 haec
609 1409 710 1471 quum
723 1390 876 1465 viderent,
894 1391 1037 1470 profecto
1057 1395 1090 1450 et
1107 1406 1174 1450 esse
1203 1391 1350 1460 DeoS,et

195 1517 210 1553 ι
225 1495 294 1557 brec
309 1500 395 1558 tanta
410 1514 507 1575 opera
523 1499 661 1558 Deorum
679 1515 746 1558 esse
760 1496 1002 1559 arbitrarentur.
1019 1517 1034 1554 ο

398 1852 523 1905 EPICURI
536 1855 570 1920 (l)
591 1853 664 1906 toct
679 1853 700 1904 Α
716 1852 874 1906 clctnohtt
893 1853 1133 1905 tntnhettttmtt.

685 2067 762 2135 Epic„
775 2067 853 2138 Epist.

242 2259 308 2330 Τὴν
325 2259 477 2352 μακαρίαν
498 2253 624 2354 ι’ίγοντες
648 2259 714 2351 ἅμα
729 2265 931 2336 τελευτῶντες
949 2259 1064 2351 ἡμέραν
1087 2265 1142 2324 τοῦ
1167 2253 1248 2341 βίον,
1264 2255 1351 2350 ἐγρά-

177 2368 290 2476 Ιωομεν
305 2388 374 2475 ὑμῖν
390 2383 502 2452 ταυτί·
525 2387 735 2480 στραγγουρία
756 2389 792 2453 τέ
811 2413 859 2463 τις
883 2383 1104 2478 παρηκολούθει
1130 2385 1183 2452 καὶ
1208 2376 1352 2451 δυσεντε-

196 2508 264 2602 ρικὰ
283 2510 376 2594 retr,
396 2506 568 2605 ὑπερέυλῆν
592 2516 645 2579 οὐκ
670 2510 884 2581 ἀπολείποντα
904 2521 959 2578 τοῦ
988 2514 1016 2576 ἐν
1043 2515 1163 2590 ἑαυτοῖς
1188 2511 1351 2603 μεγέθους,

193 2625 488 2728 Ᾰντιιτοιρεταίττετο
507 2630 541 2704 δὲ
562 2641 639 2705 πᾶσι
659 2640 780 2716 τούτοις
802 2639 836 2705 τὸ
859 2634 943 2703 κατὰ
972 2631 1071 2727 ψυχὴν
1102 2641 1208 2727 χαῖρον
1236 2633 1288 2703 ἐπὶ
1312 2645 1350 2728 τῇ

193 2771 253 2828 τῶν
269 2765 439 2857 γεγονότων
459 2771 531 2856 ν’,μῒν
552 2753 761 2856 διαλογισμῶν
784 2768 899 2855 μνήμῃ.
929 2762 971 2830 Σὺ
989 2753 1024 2827 δὲ
1040 2754 1129 2838 ἀξίως
1154 2754 1211 2839 τῆς
1228 2762 1262 2825 ἐκ
1286 2785 1351 2850 μει-

195 2886 298 2980 ρακίου
319 2888 525 2982 περιστάσεως
540 2887 616 2978 πρὸς
639 2888 691 2978 ἐμὲ
710 2887 761 2953 καὶ
778 2887 970 2979 φιλοσοφίαν,
988 2891 1133 2976 ἐπιμελοῦ
1150 2892 1211 2952 τῶν
1228 2876 1351 2952 παίδων

194 3003 420 3105 Μητροδώρου.

594 3232 656 3291 cte,
670 3229 702 3279 de
714 3232 777 3293 ἤια,
792 3230 822 3292 ΙΙ,
836 3248 891 3298 cap.
902 3206 944 3283 30.

229 3425 385 3480 Errcnnus
400 3423 571 3480 Hennacuo
585 3425 613 3480 S.
629 3447 685 3472 -ι
699 3425 791 3494 Quum
808 3437 953 3495 ageremus
967 3422 1029 3477 vitae
1047 3420 1159 3477 beatum
1177 3429 1207 3476 et
1221 3419 1353 3478 eumdem

193 3528 353 3589 supremum
369 3511 456 3582 diem,
471 3511 660 3568 scribebamus
674 3513 742 3568 haee.
761 3511 842 3566 Tanti
857 3518 949 3566 autem
972 3509 1060 3564 morbi
1076 3508 1193 3566 aderunt
1210 3508 1312 3566 vesicae
1328 3517 1355 3565 et

192 3602 345 3668 viscemnr,
367 3608 396 3655 ut
410 3599 479 3656 nihit
500 3601 535 3656 ad
548 3616 645 3656 eornm
665 3598 887 3671 magnitudinem
908 3606 998 3669 posset
1014 3598 1154 3675 accedere.
1177 3600 1353 3668 Compensa-

192 3690 275 3746 bator
289 3697 383 3746 tamen
396 3707 459 3746 cunr
471 3690 514 3745 his
528 3691 658 3745 omnihus
674 3690 762 3745 artiori
774 3687 880 3755 laetitia,
896 3703 979 3759 quam
993 3688 1135 3760 capiebam
1152 3688 1289 3743 memoria
1307 3704 1353 3743 ra-

192 3781 312 3848 tionum,
326 3781 556 3851 inventorumque
569 3786 741 3834 nostrorum.
758 3776 810 3833 Sed
824 3785 864 3845 ιιι,ι
879 3784 908 3832 ut
921 3777 1035 3849 dignum
1051 3784 1097 3831 tun
1113 3793 1176 3849 erga
1190 3784 1275 3831 meet
1288 3793 1356 3849 erga

193 3869 396 3941 philosophiam
407 3872 546 3926 voluntate
560 3870 595 3924 ab
607 3867 812 3925 adolescentulo
827 3875 966 3934 suscepta,
983 3865 1025 3920 sac
1041 3874 1071 3922 ut
1088 3865 1236 3922 Metrodori
1255 3875 1355 3922 tueare

194 3961 303 4017 liberos,
315 3983 327 4007 υ

1004 4119 1353 4133 ——1—

228 4231 264 4293 (1)
282 4228 338 4277 Vid.
353 4227 384 4275 H.
401 4225 553 4292 Stephanum
574 4227 689 4290 (Leaicorr
709 4226 899 4285 Ciceronianam,
922 4241 977 4290 pag.
1000 4229 1026 4274 51
1050 4233 1072 4274 et
1093 4226 1169 4289 sqq.).
1185 4253 1217 4260 -
1230 4223 1305 4274 Ilium
1329 4226 1355 4275 in

194 4312 304 4363 oratione
315 4327 389 4375 graeca
404 4310 471 4360 haud
483 4311 645 4376 spernendum
657 4319 780 4360 auctorem
793 4318 889 4357 sectatus
902 4325 963 4357 sum.
