2790 4770
562 695 734 777 CAPUT
764 697 830 776 Vl.

114 983 273 1033 cronaoms
291 982 719 1044 an11aoc1,1uoumusvuana
734 983 864 1039 ouuoau
883 985 987 1032 saaca
999 983 1263 1046 mraarnnrarua,

155 1093 305 1141 sanuses
330 1093 452 1140 urucas
475 1093 578 1155 vocas,
598 1095 637 1140 ur
651 1096 683 1141 m
707 1095 919 1143 sammonicus
944 1095 1037 1156 mers,
1059 1095 1120 1142 uou
1145 1095 1266 1143 anscar-

155 1202 247 1261 ams,
269 1201 391 1248 ameum
406 1201 501 1247 aaran
521 1203 786 1249 mrnaranraarsa
805 1203 893 1258 ouasr
906 1187 1167 1269 nrssmumus(l).

155 1415 201 1476 Dc
218 1414 317 1490 Orat,
333 1412 391 1477 lib.
404 1414 428 1489 l,
446 1430 516 1493 cap.
532 1417 571 1475 il
589 1432 651 1476 ε-
670 1415 717 1477 Ac
729 1414 755 1474 si
768 1432 837 1492 nos,
854 1413 886 1475 id
907 1416 992 1494 quod
1010 1398 1146 1478 maxime
1160 1415 1268 1492 dehet,

114 1530 223 1587 nostra
236 1522 341 1586 Patria
359 1523 514 1599 delectat;
539 1523 629 1602 cujus
643 1521 687 1583 rei
708 1527 796 1585 tanta
813 1526 859 1584 est
875 1523 921 1584 vis
944 1540 981 1584 ac
997 1528 1084 1586 tanta
1095 1530 1218 1600 natura,
1235 1529 1270 1587 ut

118 1620 1269 1714 oltdacamillam,lausperrtmissaaalls‚tuaquomatdalammsfiaampsa·

113 1740 329 1822 pientissimus
342 1740 388 1801 vir
403 1736 637 1801 immortalitati
654 1740 1005 1817 anteponeret-Vide
1022 1744 1056 1801 ut
1073 1739 1182 1801 Cicero
1203 1737 1268 1818 epi·

113 1849 202 1911 theta
214 1849 284 1911 haec
299 1847 410 1927 Κραναὴ
434 1853 465 1910 et
486 1848 607 1928 Τραχεῖα
623 1847 847 1924 interpretatus
860 1848 910 1908 sit.
928 1849 1066 1927 Utraque
1083 1848 1167 1908 enim
1179 1846 1264 1926 apud

114 1948 451 2013 Homerumdelthaea
465 1968 502 2012 eo
515 1967 609 2012 sensu
621 1949 781 2012 dicuntur.
800 1949 861 2012 Sed
876 1951 998 2034 Τρηχεῑα
1009 1955 1055 2013 est
1065 1952 1147 2029 apud
1163 1950 1265 2025 illum,

115 2054 209 2115 metri
226 2071 329 2116 causa.
347 2057 395 2136 (H.
417 2055 539 2136 saaph.)

155 2162 202 2223 De
224 2163 322 2240 Orat,
344 2163 400 2225 lib.
422 2163 459 2239 ll,
477 2181 546 2243 cap.
565 2167 602 2225 15
620 2183 627 2225 :
650 2164 881 2226 -Verborum
900 2169 1006 2226 autem
1026 2163 1107 2226 ratio
1126 2168 1157 2225 et
1176 2181 1269 2241 paraus

113 2273 271 2345 orationis,
294 2257 401 2343 susara
422 2277 511 2351 atque
536 2278 674 2347 tractum,
692 2277 723 2334 et
740 2290 815 2335 cum
829 2271 1107 2352 lenitatequadam
1118 2269 1267 2348 aequabili

114 2378 285 2456 profluam,
316 2376 383 2439 sine
399 2378 459 2438 hac
476 2376 620 2456 judiciali
646 2377 825 2458 asperitate,
847 2383 877 2440 ct
890 2378 957 2440 sine
977 2375 1204 2440 sententiarum
1219 2378 1267 2439 so-

114 2485 256 2547 rensium
269 2485 384 2547 aculeis
408 2486 664 2566 persequendum
679 2490 737 2548 est.
753 2520 794 2533 —
806 2488 894 2547 Idem
909 2490 942 2546 la
962 2487 1099 2559 Oratore,
1117 2485 1156 2544 de
1172 2484 1270 2545 histo-

114 2590 161 2651 ria
171 2590 303 2670 loquens
316 2593 394 2671 (cap.
409 2593 458 2668 20)
475 2611 482 2652 z
501 2592 561 2652 Sed
577 2591 610 2651 in
625 2590 674 2652 his
684 2597 780 2654 tracta
797 2592 971 2673 quaedamst
984 2592 1082 2672 flerem
1095 2590 1266 2669 expetitur,

113 2718 175 2761 noa
188 2699 247 2762 hac
260 2707 393 2763 contorta
407 2709 435 2761 et
451 2705 530 2761 ueris
545 2705 655 2763 oratio.

155 2808 265 2871 Cicero
280 2809 384 2888 priore
395 2809 528 2870 illoloco
539 2811 669 2870 omnino
686 2810 839 2888 expressit
857 2807 1003 2888 Εἰρομένην
1017 2804 1086 2873 λέξιν
1099 2822 1196 2884 quam
1211 2824 1266 2884 ap·

114 2917 211 2997 pellat
228 2916 430 2992 Aristotelem
447 2917 622 2996 posteriore
640 2921 671 2978 et
687 2916 834 2995 Εἰρομένην
850 2922 881 2978 et
896 2914 1151 2995 Κατεστραμμένην.
1166 2917 1268 2993 Atque

114 3026 177 3089 hoc
200 3043 238 3087 eo
261 3027 359 3106 magis
380 3028 530 3089 audacter
552 3029 733 3107 pronuntio,
758 3029 843 3108 quod
869 3028 964 3090 etiam
991 3026 1166 3088 Adrianum
1192 3027 1269 3086 'lur-

115 3135 245 3212 nebum,
262 3136 391 3197 maximi
416 3137 554 3199 nominis
568 3137 682 3213 virum,
699 3137 732 3197 in
747 3138 858 3200 eadem
878 3136 1028 3215 opinione
1047 3153 1113 3198 esse
1128 3135 1265 3199 videam.

115 3240 165 3320 (u.
181 3239 303 3321 steph.)

157 3348 276 3422 Orator,
291 3365 361 3426 cap.
375 3350 414 3409 68
429 3366 436 3409 :
453 3350 624 3427 -ltaque,
647 3349 747 3428 qualis
765 3367 876 3411 eorum
892 3354 1011 3423 motus,
1029 3369 1108 3429 quos
1123 3351 1266 3413 Ἀπαλαίσ-

112 3475 190 3534 τρους
212 3453 311 3515 Graeci
332 3458 455 3527 vocant,
488 3451 558 3513 talis
587 3453 700 3514 horum
726 3453 804 3515 mihi
824 3455 948 3518 videtur
976 3455 1091 3532 oratio,
1117 3459 1171 3536 qui
1203 3478 1264 3521 non

114 3558 265 3622 claudunt
277 3560 418 3622 numeris
432 3559 615 3621 sententias.
631 3559 783 3621 -Paulo
801 3567 894 3641 post:
911 3563 973 3624 Sed
990 3579 1137 3642 magnam
1149 3568 1268 3628 exerci-

113 3666 264 3729 tationem
288 3685 337 3729 res
360 3665 518 3747 flagitat...
531 3700 572 3713 -
594 3668 695 3727 Paulo
709 3673 778 3729 aate
792 3667 913 3730 dicarat
927 3673 992 3732 :Ut
1007 3671 1093 3731 enim
1111 3672 1265 3747 AthletaS,

113 3790 173 3836 nec
198 3775 300 3837 multo
322 3791 412 3837 secus
440 3773 629 3854 gladiatores
655 3773 797 3835 videmus
823 3774 903 3837 nihil
921 3794 979 3838 nec
1005 3777 1133 3839 vitando
1162 3780 1265 3842 lacero

113 3886 215 3957 caute,
237 3899 297 3944 nec
323 3883 462 3962 petendo
488 3881 705 3961 vehementer,
726 3881 758 3942 in
782 3899 846 3961 quo
863 3900 926 3944 non
948 3888 1054 3946 motus
1077 3884 1130 3947 hic
1152 3885 1267 3949 haheat

112 3988 293 4068 palaestram
307 3988 530 4068 quamdam...

145 4252 182 4318 (1)
198 4251 228 4302 H.
240 4251 400 4320 Stephanum,
416 4262 541 4305 auctorem
552 4251 727 4319 perusinum,
743 4253 777 4304 ita
790 4253 902 4321 religiose
915 4270 969 4306 sum
981 4265 1085 4316 secutus,
1097 4266 1124 4307 ut
1138 4256 1201 4307 nihil
1213 4273 1266 4307 om·

112 4336 172 4389 nino
184 4337 212 4389 in
221 4336 270 4391 hoc
284 4338 374 4406 eapite,
387 4348 474 4407 prater
485 4340 604 4401 ordinem,
620 4339 774 4394 mutaverim.
