2790 4770
660 334 838 396 ..48-

161 472 337 551 plurimum
362 472 455 534 valet.
476 472 623 534 Protinus
636 474 784 553 (namque
805 473 890 536 haud
905 474 1046 536 alienum
1065 480 1193 554 tempus
1208 475 1269 556 est)
1284 475 1329 537 lo·

163 598 217 643 cos
233 599 251 641 a
265 581 368 642 Tullio
397 581 622 664 interpretatos
641 581 754 645 ordine
779 601 936 663 ponamus
960 582 1269 663 perspiciamnsque,
1293 587 1329 645 ut

163 688 278 750 clarius
293 689 416 751 eluceat
431 689 501 770 quis
515 690 556 753 sit
570 690 623 752 ille
648 689 864 770 superioribus
886 689 990 773 poetis
1004 691 1150 767 collatus,
1167 699 1328 770 quantum

163 802 195 860 et
217 795 285 878 ipse
304 797 435 862 ditando
463 799 601 862 sermoni
626 799 725 862 latino
756 805 788 865 et
802 798 985 863 excolendae
1012 797 1236 862 versificationi
1251 817 1328 878 pro·

162 907 270 971 fuerit.

655 1188 837 1207 1—-

611 1495 786 1576 CAPUT
813 1497 881 1575 Vl.

199 1777 372 1826 GRAECORUM
394 1776 555 1826 rohraauu
573 1776 640 1826 Locr
658 1777 729 1826 All.
748 1775 853 1824 rutnlo
871 1776 1019 1825 monhore
1043 1776 1282 1827 lvrnnrahrffl.

199 1999 329 2069 Gratum
344 2007 478 2069 tortasse
490 2004 662 2069 lectoribus
677 2006 793 2081 secero,
807 2005 845 2085 si,
861 2006 1004 2070 collectis
1020 2002 1201 2070 Graecorum
1219 2005 1324 2086 scrip·

160 2119 267 2178 torum
281 2113 360 2176 locis
386 2113 576 2176 aGicerone
606 2111 833 2194 interpretatis,
865 2113 942 2176 illud
982 2130 1141 2193 assequar,
1173 2118 1209 2176 ut
1236 2113 1324 2177 varia

155 2223 335 2302 fragmenta
357 2220 476 2300 passim
499 2220 642 2300 dispersa
668 2220 721 2283 hic
743 2239 805 2283 una
832 2201 960 2303 pateant
985 2225 1017 2283 et
1032 2220 1066 2308 in
1081 2226 1232 2301 promptu
1256 2220 1323 2285 sint

162 2329 310 2391 omnihus
336 2327 390 2408 (l).
409 2330 480 2389 Non
504 2326 661 2407 excipiam
683 2328 771 2391 Arati
791 2328 1005 2413 Phaenomena
1027 2333 1059 2391 et
1076 2320 1236 2390 Timaeum
1249 2329 1323 2392 Pla·

156 2436 253 2512 tonis,
286 2435 430 2515 quamvis
464 2453 574 2498 eorum
608 2435 782 2498 editionem
816 2436 1086 2499 accuratissimam
1110 2436 1324 2516 divulgaverit

155 2541 294 2605 instituti
308 2540 450 2605 Francia
464 2541 692 2624 typographus.
708 2542 757 2605 Ab
775 2544 914 2606 Homero
931 2541 1093 2624 incipiam.

649 2812 691 2865 EX
708 2812 824 2866 illanc.

493 3022 595 3082 Ἰλιάδος
608 3025 631 3090 β.
645 3027 694 3078 299
706 3033 732 3077 et
741 3040 796 3093 sqq.
810 3024 865 3091 (Ed.
877 3024 969 3093 Didot).

261 3177 380 3260 Τλῆτα,
400 3175 495 3270 φίλοι,
510 3176 563 3244 καὶ
582 3176 703 3270 μείνατ’
717 3178 767 3248 ἐπὶ
782 3178 901 3274 χρόνον,
916 3166 997 3272 ὄμμα
1016 3167 1139 3272 δαῶμεν

262 3300 281 3376 l
302 3302 384 3371 ἐτεὸν
400 3301 531 3395 ΚαἍχας
551 3305 737 3395 μαντεύεται
754 3304 789 3381 ἠὲ
807 3304 859 3372 καὶ
877 3304 956 3397 οὐχί.

405 3475 459 3529 Cic.
475 3474 506 3526 de
520 3476 629 3530 Bivium.
643 3478 675 3542 ll,
691 3491 759 3543 xxx,
774 3481 804 3531 63
817 3487 842 3529 el
856 3481 885 3531 el
901 3479 954 3545 (Ed.
971 3478 1055 3546 Orelli)
1067 3481 1113 3547 (2).

259 3603 301 3664 el.
315 3606 407 3673 Ferte,
422 3605 485 3673 viri,
496 3614 524 3663 et
533 3606 617 3664 duros
629 3607 722 3666 animo
736 3607 851 3665 tolerate
863 3607 986 3676 labores,

259 3693 368 3768 auguris
379 3703 410 3751 ul
420 3696 509 3752 nostri
521 3695 678 3754 Calchantis
690 3695 747 3754 fata
761 3712 895 3770 queamus

258 3784 339 3852 scire,
349 3792 460 3842 ratosne
472 3785 601 3858 habeant,
615 3800 652 3844 an
664 3800 750 3843 vanos
765 3784 885 3859 pectoris
895 3800 985 3844 orsus.

186 4055 221 4119 (1)
238 4053 275 4104 hd
286 4053 338 4104 hac
349 4018 485 4104 ordinanda
496 4051 558 4104 mihi
564 4053 634 4104 valde
643 4054 704 4106 utile
714 4053 759 4106 luit
767 4055 910 4123 opusculum
920 4056 950 4106 ll.
962 4054 1081 4123 Stephani
1091 4054 1208 4123 (Lexicon
1216 4054 1317 4110 Grae'co·

153 4137 220 4202 hr.‚·
232 4136 313 4190 Lucet.
332 4140 415 4204 1557).

186 4222 222 4290 (2)
241 4243 254 4268 u
269 4221 310 4275 Sic
322 4223 387 4290 apud
400 4223 540 4287 Humerum,
556 4230 585 4273 ut
597 4237 642 4273 nos
653 4222 724 4274 otiosi
738 4224 911 4286 convertimus,
925 4224 1035 4291 loquitur
1046 4228 1221 4292 Agamemnon.
1232 4247 1245 4272 ν

185 4307 233 4359 Sed
246 4307 327 4374 lapsus
339 4317 376 4358 est
386 4303 503 4358 memoria
517 4306 626 4372 Tullius;
640 4324 698 4359 nam
715 4307 825 4376 loquitur
842 4308 948 4378 Ulysses.
968 4310 1118 4378 Iampridem
1131 4310 1228 4362 monuit
1244 4311 1315 4363 Poli-

121 4387 125 4396 '
150 4390 233 4444 timus
245 4390 277 4457 (J.
289 4390 319 4444 V.
332 4390 379 4456 la).
