2790 4770
642 335 842 399 -234-

495 524 540 575 llic
554 525 668 597 leguntur
679 527 789 593 quedam
802 526 932 594 proverbia
946 529 992 592 (1).

209 707 286 786 Cic,
300 712 338 773 de
353 714 430 793 Off„
450 716 474 791 l,
492 734 562 795 cap.
582 720 620 779 l6
636 736 642 778 :
658 717 735 776 -Ε
750 716 866 797 quibus
882 714 960 803 ipsis
977 721 1083 778 cetera
1096 712 1142 776 sic
1155 712 1333 775 observen-

168 821 231 893 tur,
247 823 282 880 ut
296 818 328 880 in
340 822 522 885 Graecorum
537 823 706 902 proverbio
722 816 788 886 est':
806 845 822 882 a
837 808 1024 886 Amicorum
1036 839 1103 885 esse
1116 821 1228 884 omnia
1242 837 1333 882 com-

168 923 276 987 munia
295 926 364 1007 (2).n
1105 939 1108 943 '

208 1026 285 1102 Cic,
319 1028 454 1105 lisseol„
484 1032 508 1106 l,
539 1049 607 1110 cap.
630 1034 669 1093 22
693 1050 754 1092 :—·
771 1033 874 1103 Quum
896 1030 992 1111 igitur
1014 1032 1136 1092 «Nosce
1147 1026 1237 1109 tc{(3)
1250 1049 1266 1086 »
1285 1027 1335 1088 di·

169 1133 214 1195 cit
230 1132 282 1215 (4),
299 1134 361 1197 hoc
384 1136 463 1199 dicit
478 1158 494 1196 e
508 1156 603 1199 nosce
618 1137 760 1201 animum
776 1132 877 1201 tuum.
894 1160 909 1196 »

209 1238 286 1316 Cic,
303 1241 454 1323 Philipp,
472 1247 538 1320 llll,
551 1263 618 1324 cap.
637 1248 655 1306 9
672 1265 678 1306 :
698 1281 734 1290 —
745 1244 887 1324 cujusvis
899 1244 1039 1307 hominis
1054 1248 1102 1306 est
1117 1259 1242 1316 orrare3
1260 1241 1331 1303 nul-

169 1345 240 1422 lius,
260 1346 319 1409 nisi
337 1347 525 1429 insipientis,
539 1352 572 1411 in
584 1369 690 1413 errore
704 1369 916 1430 perseverare.
935 1350 1128 1413 Posteriores
1143 1349 1232 1411 enim
1246 1347 1333 1426 cogi-

168 1452 306 1515 tationes
318 1453 364 1534 (ut
378 1454 477 1535 aiunt)
492 1454 699 1535 sapientiores
715 1475 781 1520 esse
796 1458 897 1520 solent
911 1456 964 1537 (5).
1126 1521 1129 1525 .

211 1561 289 1637 Cic,
311 1561 444 1640 Pascal,
461 1567 499 1640 V,
522 1582 590 1644 rap.
608 1568 643 1624 ll
662 1583 669 1625 :
685 1598 726 1610 -
744 1565 819 1627 Mihi
838 1563 969 1645 quidem
981 1564 1013 1623 in
1028 1562 1091 1624 vita
1116 1562 1275 1623 servanda
1290 1557 1334 1622 vi-

170 1669 264 1729 detur
281 1666 333 1730 illa
346 1671 407 1747 lex,
423 1689 495 1751 quae
512 1671 544 1732 in
561 1675 744 1733 Graecorum
760 1671 907 1735 conviviis
923 1670 1106 1732 obtinetur:
1127 1691 1143 1728 ι(
1157 1671 1221 1731 Aut
1237 1670 1332 1743 bibat,
1378 1690 1385 1701 ·

167 1772 281 1855 inquit,
295 1781 349 1838 ccl
361 1779 448 1839 abeat
463 1780 517 1856 (6.)
532 1800 548 1836 s

210 1883 288 1960 Cic,
306 1885 343 1944 de
358 1887 428 1946 Nat.
446 1885 591 1960 Deorum,
606 1887 658 1959 Ill,
676 1904 745 1963 cap.
764 1887 782 1946 5
798 1904 805 1945 ε
819 1886 947 1945 —Nam
963 1885 1002 1945 de
1019 1886 1127 1962 Sagra,
1145 1885 1333 1945 Graeoornm

170 1991 265 2053 etiam
292 1998 341 2053 est
357 1993 485 2072 vulgare
505 1992 711 2070 proverbium
730 2013 736 2054 :
759 1992 824 2071 orii,
842 2010 912 2072 quae
927 1990 1096 2064 affirmant,
1112 1987 1253 2052 certiora
1264 2007 1334 2052 csse

171 2095 293 2173 dicunt,
308 2116 403 2177 quam
420 2098 474 2160 illa
490 2118 560 2179 quoe
579 2099 662 2177 apud
676 2099 804 2177 Sagram
820 2098 872 2178 (7).
1055 2164 1057 2169 ,

212 2204 291 2278 Cic,
304 2205 346 2264 ccl
358 2204 462 2279 Quint.
472 2206 635 2284 fr.Epist.,
648 2204 704 2266 lib.
717 2206 754 2279 ll,
768 2207 804 2266 l5
821 2223 827 2265 ε
842 2237 876 2251 -
890 2206 991 2277 Quare
1002 2204 1121 2266 lacistu
1129 2203 1263 2282 quidem
1273 2204 1334 2263 lra-

170 2315 270 2383 tcrne‚
288 2312 374 2389 quod
389 2328 440 2372 me
457 2308 593 2373 hortaris
608 2311 675 2391 (sed
687 2310 868 2372 mehercule
883 2315 1065 2372 currentem
1080 2327 1166 2372 nunc
1185 2309 1333 2390 quidem)

171 2422 206 2477 ut
222 2416 329 2477 omnia
350 2434 419 2478 mea
434 2418 539 2479 studia
561 2416 593 2478 in
608 2418 704 2480 istum
723 2435 823 2479 unum
849 2417 1023 2478 conleram.
1040 2452 1076 2463 -
1093 2415 1188 2492 Idem,
1209 2416 1265 2477 lib.
1278 2416 1331 2489 Vl,

170 2523 274 2602 Epist.
291 2525 331 2584 od
345 2528 491 2600 Atticum,
508 2529 525 2585 7
545 2545 551 2586 :
568 2525 750 2597 -Quintus
766 2524 849 2587 lilius
864 2526 916 2604 pie
929 2542 1003 2586 sane
1018 2526 1082 2606 (me
1095 2530 1181 2586 certe
1192 2525 1332 2585 multum

69 2708 71 2712 y
171 2633 331 2709 hortante,
350 2634 404 2694 sed
421 2638 601 2695 currentem
620 2631 661 2712 (8)
678 2633 820 2694 animum
843 2633 941 2712 patris
957 2633 1004 2694 sui
1019 2632 1122 2695 sorori
1137 2628 1202 2693 tuae
1218 2648 1331 2693 recon-

172 2738 298 2799 ciliavit.
407 2805 414 2820 ⁵

212 2845 300 2908 Idem
328 2847 459 2910 verbum
486 2869 501 2906 κ
516 2852 695 2909 currentem
712 2869 726 2904 c
746 2845 779 2906 in
790 2844 941 2924 Epistolis
956 2846 1040 2907 haud
1061 2845 1158 2906 semel
1174 2843 1329 2923 reperias.

170 2996 208 3008 -
223 2956 353 3017 Exstant
372 2962 523 3034 praeterea
549 2952 601 3014 alii
613 2953 812 3032 interpretati
829 2971 934 3014 versus
958 2953 1043 3031 apud
1056 2951 1254 3027 Ciceronem,
1266 2969 1331 3012 non

169 3062 275 3119 tamen
292 3077 309 3119 a
330 3058 491 3120 Cicerone.
509 3060 607 3136 Igitur
622 3056 725 3119 sciens
738 3057 938 3136 praetermisi.
1112 3045 1115 3049 ⁴

204 3367 239 3431 (1)
258 3365 303 3415 llic
315 3365 357 3414 illa
371 3364 495 3432 proposui.
511 3365 621 3429 quamvis
635 3365 787 3415 nullomodo
801 3364 831 3414 ad
844 3361 1058 3430 superiores-locos
1072 3358 1230 3427 pertineant,
1244 3375 1278 3408 ne
1287 3375 1331 3407 no·

171 3465 229 3498 mm
243 3465 256 3498 e
270 3448 353 3515 paneis
367 3457 488 3498 constaret
502 3457 584 3514 eaput.

204 3554 240 3618 (2)
259 3552 342 3603 Graeee
355 3571 362 3606 ε
376 3575 389 3597 «ι
400 3552 486 3604 Πάντα
499 3552 529 3603 τὰ
536 3563 589 3606 ,τῶν
603 3553 676 3617 φίλων
689 3552 768 3604 κοινά.
783 3573 795 3595 r

138 3650 140 3656 ·
206 3640 243 3704 (3)
261 3637 344 3687 Groeca
358 3636 432 3688 verba
446 3647 520 3689 sunt:
534 3658 546 3683 α
560 3639 637 3688 Γνῶθι
652 3637 768 3688 σεαυτόν.
782 3658 794 3680 o

203 3722 239 3787 (l)
258 3721 406 3788 Praeceptum
418 3720 545 3787 Apollinis.

203 3805 239 3870 (5)
258 3802 295 3853 Cl.
310 3801 357 3852 hoc
371 3802 546 3870 proverbium:
560 3824 572 3847 «
585 3803 704 3869 Δευτέραι
718 3801 842 3868 φροντίδες
853 3800 1003 3867 σοφωτέραι.
1020 3819 1033 3844 o

203 3891 240 3954 (6)
258 3888 340 3938 Graece
353 3888 403 3938 sic:
417 3910 429 3933 «
446 3891 480 3937 'll
492 3889 550 3946 πῖθι,
564 3885 581 3949 ἦ
595 3887 669 3938 ἄπιθι.
684 3908 696 3930 υ
850 3943 852 3946 y

204 3977 239 4041 (l)
258 3976 296 4027 Cl.
312 3975 363 4025 haec
377 3992 453 4042 graeca
466 3992 471 4026 :
484 3997 495 4019 «
508 3975 665 4038 Ἀληθὲστερα
679 3973 728 4021 τῶν
742 3971 780 4021 ἐπὶ
795 3972 888 4038 Σάγρᾳ.
902 3991 914 4013 1»

204 4061 241 4125 (8)
259 4061 341 4111 Graece
353 4059 459 4109 dicitur:
475 4080 486 4102 o
499 4058 639 4108 Σπεύδοντα
653 4056 772 4123 ὀτρύνειν.
785 4075 798 4098 u

626 4239 869 4251 ‚-..------.·--
