2790 4770
572 341 772 405 -301-

89 479 234 540 duissent
255 500 270 537 u
294 477 394 540 aerias
417 482 540 554 tentare
559 479 670 539 domos
685 501 699 537 n
719 479 765 559 (ut
780 477 822 539 ait
836 474 1006 553 Horatius),
1023 481 1055 537 et
1067 475 1182 537 litteris
1198 476 1243 536 la-

89 583 163 646 tinis
176 602 241 664 qna
253 585 375 646 ratione
389 590 451 646 stet
464 584 681 647 Universitatis
692 603 806 662 corpus
817 582 986 663 explicare,
1004 587 1114 662 parata
1130 582 1243 642 luisset

88 709 127 753 ac
137 696 286 773 prompta
294 693 453 754 Ciceronis
464 693 563 771 ipsius
579 693 680 755 oratio
698 713 705 754 ε
721 695 806 754 unde
816 710 878 753 non
890 708 1017 753 necesse
1034 697 1115 751 esset
1123 691 1242 751 eisdem
1328 726 1334 734 ‹

88 798 121 859 in
140 815 178 861 eo
207 799 369 861 elaborare
384 807 429 874 nt,
451 801 494 861 ad
508 799 729 879 exprimendas
760 819 807 861 res
833 806 896 860 tam
925 798 1061 860 breviter
1090 816 1126 858 ac
1154 814 1243 858 oom-

90 906 183 968 mode
200 905 336 968 dietasa
361 908 500 982 Platone,
524 908 722 987 longissimos
745 907 914 968 verborum
938 906 1090 968 circuitus
1112 923 1244 984 usurpa-

87 1016 171 1073 rent.

127 1119 261 1198 Quoquo
288 1121 386 1181 modo
412 1121 451 1182 de
478 1120 547 1181 istis
569 1119 664 1182 rebus
691 1119 858 1182 aestimatio
875 1121 940 1193 liat,
957 1118 1077 1180 nemini
1095 1137 1168 1180 sane
1183 1120 1244 1182 erit

87 1224 223 1286 dubium
242 1224 320 1305 qnin
343 1226 438 1288 verba
453 1226 682 1306 philosophicis
703 1227 867 1290 sententiis
884 1226 998 1287 idonea
1016 1224 1243 1288 conformatio-

85 1348 220 1410 nesque,
241 1331 423 1412 juvantibus
438 1334 605 1395 Aristotele
621 1340 674 1395 aut
696 1334 838 1407 Platone,
856 1333 965 1394 Cicero
980 1332 1150 1394 novaverit.
1166 1333 1245 1393 Ver-

86 1438 200 1500 borum
223 1440 400 1518 praesertim
417 1447 547 1502 novator
573 1440 624 1502 ille
644 1441 823 1502 laudandus
838 1446 907 1502 est:
923 1447 1001 1519 quot
1018 1440 1103 1500 enim
1125 1440 1240 1516 verbis,

86 1545 249 1624 eleganter
272 1551 304 1608 et
318 1544 433 1609 callide
450 1547 618 1622 translatis,
635 1547 720 1608 idom
737 1548 867 1608 latinam
886 1547 1028 1625 liugnam
1041 1545 1175 1620 auxerit,
1192 1562 1241 1606 os·

84 1653 217 1713 tendere
238 1651 385 1731 superins
406 1670 572 1733 aggressus
591 1672 661 1714 sum
681 1674 687 1715 :
706 1655 863 1714 maximus
878 1670 989 1714 eorum
1005 1669 1157 1714 numerus
1173 1658 1236 1728 est;

83 1775 185 1837 pauca
212 1765 317 1820 autem
345 1759 409 1830 illa,
426 1778 497 1839 quae
524 1760 750 1834 linxittlicero,
776 1760 946 1834 vocabula;
969 1759 1119 1837 pauciora
1144 1760 1241 1821 etiam

86 1868 207 1928 Graeca.
227 1867 437 1928 Praetermitto
458 1868 609 1929 orationis
623 1869 902 1943 conformationes,
919 1886 997 1946 quas
1010 1886 1028 1927 a
1042 1868 1159 1928 Graecis
1174 1885 1244 1929 mn·
1277 1867 1280 1872 “

84 1979 194 2035 tuatus
221 1973 274 2034 ille
298 1992 371 2036 vere
394 1975 506 2036 latinas
536 1978 643 2039 ellecit
670 1985 782 2040 auctor
802 1995 810 2038 ε
837 1979 1045 2057 praetermitto
1066 1978 1244 2040 locutiones

85 2081 166 2141 adeo
190 2080 306 2141 multas
328 2086 364 2141 ut
384 2081 422 2141 iis
452 2081 532 2144 Rob.
562 2084 741 2161 Stephanus
768 2085 893 2146 lexicon
916 2085 1170 2163 latino-graecum
1200 2086 1242 2166 (l)

85 2185 231 2249 mirifice
245 2187 401 2249 ditaverit.
434 2188 514 2260 Quid
540 2191 649 2266 plura?
674 2192 835 2271 quumvis
856 2193 972 2271 cuique
987 2210 1043 2253 sna
1056 2191 1152 2254 verbo
1169 2193 1245 2255 sub·
1339 2275 1341 2280 .

81 2295 167 2374 jecta
195 2292 245 2369 sit,
279 2296 390 2357 eadem
412 2296 525 2358 litteris
555 2297 609 2377 (ἢ),
641 2316 713 2377 qnae
740 2298 889 2373 sermoni,
918 2301 1052 2362 accessit
1066 2300 1194 2361 honoris
1210 2306 1242 2363 et

72 2418 185 2480 opum
212 2400 429 2480 amplificatio.
456 2405 614 2465 Enmdem
634 2405 741 2484 igitur,
760 2411 795 2467 ut
810 2406 1001 2485 eloquentiae
1017 2407 1240 2484 admiratione,

86 2509 131 2572 ita
144 2511 297 2590 augendis
316 2510 432 2590 lingnae
454 2511 559 2573 latinae
577 2512 706 2588 divitiis,
726 2514 870 2574 omnium
893 2513 1071 2594 principem
1085 2517 1244 2578 Romano-

89 2634 162 2679 rum
176 2616 342 2694 exstitisse,
361 2619 433 2697 qnis
449 2637 512 2679 non
527 2618 699 2682 fatebitur?

120 2876 225 2942 (l)llihi
239 2877 340 2944 contigit
354 2879 465 2928 evolvere
478 2878 657 2930 Dictionarium
667 2881 856 2946 latino-graecum
872 2880 935 2930 Rob.
949 2880 1065 2947 Stephani
1080 2882 1243 2948 (Lutetapud

86 2956 144 3010 Car.
157 2957 242 3024 steph.
257 2958 340 3024 1554),
358 2968 382 3008 et
394 2959 508 3009 admirari
518 2960 585 3025 qnod
599 2970 635 3011 tot
647 2962 781 3012 locutiones
795 2961 925 3011 inhonore
939 2963 1005 3027 apud
1016 2961 1119 3028 optimos
1132 2973 1244 3014 auctores

85 3057 117 3092 ex
125 3041 326 3109 interpretatione
336 3059 412 3109 graecu
425 3052 514 3093 exortae
527 3043 583 3095 sint.

121 3127 159 3192 (2)
172 3126 231 3176 Jure
244 3127 292 3177 hoc
303 3126 389 3177 Cicero
405 3129 546 3194 praedicavit
561 3151 573 3175 u
591 3129 747 3199 magnificum
770 3129 832 3179 illud
853 3132 922 3179 etiam
941 3132 1099 3202 Romanisque
1114 3131 1247 3196 bominibus

82 3209 224 3280 glorirrsum,
243 3223 269 3262 ut
280 3213 368 3262 Grecis
383 3211 414 3262 de
428 3212 582 3285 Philosophia
598 3215 684 3266 litteris
698 3235 744 3266 troo
760 3227 861 3284 ogerum
887 3215 954 3286 qnod
965 3236 1077 3287 assequar
1088 3219 1210 3288 profecto,
1226 3219 1247 3268 si

86 3295 198 3348 instituta
206 3298 355 3368 perfecero»
370 3297 417 3367 (dd
428 3299 510 3350 Dicin.
524 3299 555 3360 ll,
569 3301 584 3367 S
597 3301 634 3366 2).
