2790 4770
554 355 754 419 -275-

74 493 131 555 llla
147 511 215 572 spe,
238 495 351 571 fateor,
370 494 532 569 inductus,
556 511 703 574 magnam
723 491 853 554 adhibui
869 492 1070 573 diligentiam
1080 510 1121 557 ne
1136 494 1170 555 in
1183 512 1234 556 va·

74 602 136 663 rias
158 601 366 681 prudentium
389 602 651 680 reprehensiones
672 602 880 664 incurrerem.
903 602 977 676 Quae
1000 600 1164 682 diligentia
1178 601 1238 665 uti-

75 729 148 772 nam
165 711 291 773 etmihi
307 712 389 773 bene
406 712 536 774 cesserit
552 717 584 774 et
597 711 636 771 iis
655 712 709 791 qui
727 729 798 773 mea
812 712 993 791 perlegenti

117 819 227 882 Cicero
243 820 462 901 philosophus,
478 838 576 901 quum
590 838 623 882 se
637 819 726 883 dedit
743 821 818 883 huie
834 839 916 882 novo
932 820 1040 899 generi
1048 820 1237 897 litterarum,

77 946 142 990 non
170 928 340 1007 ignorabat
367 946 400 991 se
415 931 551 990 arduum
576 945 655 1007 opus
684 929 856 1008 multisque
880 928 1098 1006 improbatum
1117 929 1236 991 conari.

78 1039 158 1098 Nam
170 1036 227 1097 ubi
239 1039 387 1099 adversus
407 1035 636 1115 vituperatores
650 1037 885 1118 philosophiam
901 1037 1044 1103 defendit
1060 1054 1097 1098 ac
1113 1038 1238 1099 collau·

79 1140 190 1204 davit:
222 1144 309 1203 «His
339 1143 403 1223 (ait)
425 1148 472 1205 est
497 1143 658 1205 difficilius
679 1144 871 1217 satisfacere,
892 1144 945 1224 qui
962 1161 995 1205 sc
1010 1143 1108 1205 latina
1121 1144 1240 1224 scripta
1316 1126 1319 1131 ¹

80 1248 193 1310 dicunt
217 1254 431 1312 contemnere.
460 1252 495 1311 In
520 1251 634 1330 quibus
656 1252 716 1313 hoc
736 1251 878 1330 primum
896 1257 944 1315 est
959 1252 991 1313 in
1009 1270 1072 1332 quo
1088 1253 1238 1329 admirer,

81 1375 141 1419 cur
156 1357 190 1418 in
208 1358 397 1438 gravissimis
427 1358 521 1421 rebus
545 1378 609 1423 non
624 1361 761 1422 delectet
786 1379 840 1424 eos
865 1361 985 1440 patrius
1010 1380 1126 1439 serm0,
1143 1382 1242 1442 quum

83 1462 183 1525 iidem
195 1465 327 1526 fabellas
346 1465 469 1540 latinas,
487 1467 525 1526 ad
541 1467 672 1528 verbum
687 1468 727 1528 de
746 1467 863 1529 Graecis
876 1485 1049 1549 expressas,
1068 1488 1134 1532 non
1155 1468 1244 1533 inviti

83 1573 204 1650 legant.
231 1570 305 1642 Quis
334 1571 419 1632 enim
432 1577 498 1632 tam
520 1572 668 1635 inimicus
691 1592 782 1653 paene
804 1572 927 1635 nomini
949 1577 1093 1637 Romano
1108 1579 1166 1649 est,
1187 1575 1241 1655 qui

86 1678 181 1739 Ennii
208 1679 350 1739 Medeam
366 1683 419 1740 aut
444 1677 615 1756 Antiopam
644 1678 773 1740 Pacuvii
797 1685 924 1759 spernat
939 1685 993 1742 aut
1007 1680 1184 1761 rejiciatf...
1205 1717 1245 1731 -

87 1785 165 1848 Mihi
192 1786 323 1864 quidem
345 1786 425 1847 nulli
449 1786 523 1847 satis
551 1787 667 1849 eruditi
691 1787 850 1865 ridentur,
873 1787 989 1868 quibus
1010 1795 1119 1853 nostra
1134 1791 1243 1872 ignota

86 1896 173 1954 sunt.
189 1893 249 1971 An,

212 2048 365 2106 Utinamne
379 2090 488 2106 .....
538 2049 543 2061 “

87 2253 204 2303 deserunt
219 2252 314 2305 usitata.
331 2251 392 2303 Nam
408 2252 448 2303 isti
461 2251 644 2319 Philosophiam
656 2268 686 2303 ex
699 2251 815 2302 altissimo
833 2252 957 2304 domicilio
972 2253 1042 2321 quasi
1055 2255 1191 2322 deprimere
1202 2272 1246 2307 ro·
1317 2311 1328 2324 >.

87 2338 151 2400 lunt,
160 2348 189 2389 ut
200 2339 243 2390 illa
256 2339 283 2389 in
296 2338 412 2390 inferiore
426 2339 480 2389 loco
489 2338 605 2405 angustiis
616 2337 727 2405 cingatur
741 2337 771 2388 iis
784 2338 920 2404 regionum,

403 2474 461 2525 Quas
469 2477 528 2513 extra
537 2473 631 2524 citraque
640 2472 713 2523 nequit
725 2472 840 2514 consistere
850 2483 933 2520 verum,

86 2595 120 2663 (si
132 2595 192 2646 fides
204 2595 290 2646 iisdem
301 2595 414 2647 habenda
424 2597 478 2660 est).
486 2596 540 2646 Non
552 2594 626 2661 igitur
639 2595 729 2644 mirum
742 2596 817 2660 quod,
826 2610 902 2660 quum
912 2603 1003 2646 certam
1012 2594 1145 2663 disciplinae
1156 2595 1249 2649 formu-

86 2681 138 2731 lam
151 2680 279 2732 instituant
290 2697 363 2748 seque
374 2681 405 2731 ad
418 2682 519 2732 alteram
529 2689 623 2731 vertere
635 2680 743 2730 scholam
754 2695 862 2744 unquam
871 2696 940 2746 posse
953 2690 1040 2747 negent
1053 2681 1154 2747 (quippe
1165 2697 1247 2731 rerum

87 2781 209 2816 novarum
224 2767 352 2817 scientiam
365 2766 487 2834 professi),
500 2765 621 2815 inusitatis
632 2765 733 2814 vocibus
746 2773 855 2815 utantur.
875 2763 993 2815 Omnibus
1010 2766 1076 2816 enim
1094 2766 1142 2816 hoc
1160 2766 1248 2817 vitium

87 2859 127 2900 eet
142 2851 305 2917 philosophis,
324 2861 361 2913 ut,
381 2869 457 2918 quum
471 2850 545 2917 primi
559 2854 624 2900 nova‘
635 2850 742 2900 curiosos
759 2849 871 2900 homines
884 2851 995 2909 doceant,
1012 2851 1032 2900 si
1050 2850 1181 2917 praesertim
1199 2850 1249 2899 sint

85 2936 184 2987 occulta
197 2939 306 3004 quedam
319 2947 343 2988 et
356 2937 425 3005 quasi
436 2938 558 3001 involuta,
573 2937 688 2987 usitatum
705 2951 840 2985 sermonem
857 2945 1027 3000 aspernentur,
1045 2945 1069 2985 et
1088 2934 1247 2984 barbarorum

84 3020 215 3069 nominum
234 3020 465 3087 magniloquentiam
480 3020 605 3078 affectent,
621 3037 675 3085 quae
689 3035 770 3079 nemo,
781 3017 829 3067 nisi
841 3018 974 3084 discipulus
986 3033 1015 3067 ac
1029 3034 1109 3067 comes
1123 3017 1244 3081 assiduus,

84 3104 215 3171 intelligat.
227 3106 279 3156 Hoc
290 3106 399 3173 profecto
413 3107 500 3157 habuit
513 3108 551 3170 (ut
564 3104 695 3155 domestico
707 3114 731 3154 et
743 3103 835 3154 recenti
850 3113 905 3153 utar
916 3104 1036 3169 exemplo)
1050 3103 1092 3152 ille
1105 3103 1143 3152 vir
1156 3104 1248 3154 acutis·

78 3188 142 3257 ,simi
159 3189 257 3257 ingenii,
274 3193 318 3258 qui
330 3191 444 3258 princeps
457 3201 527 3241 aetate
545 3200 627 3241 nostra
645 3189 805 3255 philosophiae
819 3189 920 3239 initium
934 3207 948 3239 a
962 3189 1088 3239 notatione
1100 3199 1175 3255 atquc
1194 3190 1248 3240 ani·

83 3275 252 3327 madrersione
273 3276 349 3327 animi
369 3278 473 3343 seipsum
489 3277 633 3326 excutientis
646 3291 696 3325 esse
714 3275 853 3324 ducendum
874 3274 994 3325 disseruit.
1011 3273 1072 3325 Sunt
1091 3274 1203 3325 homines
1223 3286 1248 3326 et

82 3356 186 3409 fuerunt
199 3359 242 3425 qui
255 3361 362 3426 ejusdem
377 3360 474 3410 dicendi
487 3376 561 3426 genus
574 3359 750 3426 perobscurum
762 3359 909 3410 existiment.
925 3359 1034 3420 Quorum
1047 3359 1067 3407 si
1078 3375 1135 3408 vera
1150 3369 1247 3410 senten·

82 3440 125 3494 tia
133 3453 179 3506 est,
192 3444 253 3495 illud
266 3445 399 3512 incoeptum
410 3461 460 3496 non
472 3446 523 3495 sine
536 3445 645 3512 periculo
657 3461 707 3494 esse
718 3443 844 3494 fateamur.
857 3443 911 3493 Nou
925 3453 978 3493 erat
987 3444 1082 3494 nescius
1094 3443 1127 3492 M.
1143 3444 1244 3505 tullius,

82 3542 171 3593 qirum,
181 3546 235 3595 quae
245 3531 309 3581 Zeno
319 3541 343 3582 et
353 3530 473 3596 Epicurus
482 3547 559 3596 graeco
569 3546 678 3580 sermone
689 3528 865 3589 tractavissent,
876 3545 904 3578 ea
916 3529 999 3579 latinis
1012 3528 1099 3579 litteris
1109 3531 1245 3593 mandaret,

82 3610 139 3663 fore
150 3621 179 3662 ut
191 3612 272 3663 locum
281 3615 466 3680 reprehensioni
475 3616 590 3681 aperiret.
605 3614 677 3664 Novae
689 3615 755 3664 enim
766 3614 891 3664 sententiae
904 3613 973 3663 noris
985 3612 1109 3663 vocabulis
1123 3625 1192 3665 erant
1204 3632 1246 3665 ex·

84 3697 223 3765 placandae.
238 3697 327 3748 Tenuis
342 3709 424 3751 tamen
442 3710 466 3751 et
480 3708 565 3750 cautus
585 3699 704 3766 interpres
721 3698 825 3748 Zenonis
843 3699 917 3764 ipsius
933 3698 1060 3764 magnifice
1077 3700 1247 3752 ratiocinantis

84 3792 199 3849 apparet,
211 3783 245 3833 ita
259 3794 287 3835 ut
298 3784 410 3850 putidam
422 3801 503 3851 graecae
512 3783 628 3834 orationis
638 3783 816 3834 affectationem
830 3785 1008 3849 quodammodo
1023 3786 1151 3835 emendare
1165 3785 1247 3836 ridea-

83 3877 138 3918 tur.
153 3868 253 3935 Epicuri
267 3879 349 3921 autem
363 3871 442 3921 oratio
457 3871 595 3921 Cicerorem
608 3869 688 3919 minus
702 3868 812 3918 offendit.
832 3890 844 3914 c
856 3869 917 3919 Nam
934 3879 958 3918 et
973 3869 1147 3936 complectitur
1165 3871 1245 3920 verbis

87 3950 156 4015 quod
175 3952 227 4001 iult
243 3961 268 4002 et
281 3953 340 4004 dicit
353 3955 426 4021 plane
435 3979 457 4020 a»,
472 3954 581 4021 quamvis
597 3954 740 4020 eloquentiae
754 3963 897 4005 ornamenta
910 3954 1022 4020 negligat.
1039 3954 1074 4005 Ne
1086 3957 1166 4021 plura,
1181 3955 1246 4006 Aca·

87 4031 170 4084 demia
181 4044 207 4085 et
219 4033 331 4087 Porticus
342 4053 428 4104 magno
441 4039 505 4088 inter
519 4055 544 4088 se
557 4038 697 4088 dividantur
713 4038 855 4087 intervallo!
867 4067 896 4075 -
909 4038 957 4088 Sed
969 4037 1056 4088 omissa
1071 4037 1136 4087 omni
1151 4039 1180 4087 de
1194 4054 1244 4089 ser·

85 4117 201 4169 monibus
214 4120 369 4187 perficiendis
384 4122 557 4188 disputatione,
572 4133 650 4188 grates
665 4123 697 4172 Μ.
713 4123 807 4173 Tullius
820 4138 927 4188 agamus,
939 4124 1005 4188 quod
1017 4122 1117 4189 Epicuri
1125 4123 1245 4172 rationem

84 4200 121 4252 sic
133 4205 282 4271 exposuerit,
302 4217 331 4258 ut
348 4207 379 4257 ab
397 4207 463 4274 ipsis,
484 4207 526 4274 qui
539 4223 606 4258 nunc
625 4223 679 4257 eam
695 4208 848 4274 disciplinam
867 4209 915 4258 alte
926 4208 1084 4276 perspiciant,
1101 4224 1152 4257 non
1170 4209 1247 4260 soleat

85 4289 225 4339 accuratius
244 4289 369 4355 explicari.
387 4289 486 4342 Scilicet
500 4290 528 4342 in
540 4289 609 4342 libris
624 4291 655 4341 de
668 4289 758 4342 finibus
771 4291 892 4346 bonorum
905 4308 935 4343 ac
952 4291 1073 4343 maiorum
1088 4292 1174 4345 Cicero
1188 4311 1246 4343 cere

81 4367 244 4447 philosophus
258 4377 363 4428 eminet!
