2790 4770
644 345 843 410 -176-

663 598 741 660 Plato,
761 598 820 651 ibid.

217 730 350 816 Ταότὸν,
371 764 425 775 -
449 732 521 823 ὅπερ
552 733 582 797 ἐν
606 743 644 827 τῇ
676 731 840 827 ὀλιγαρχίᾳ
862 731 984 824 νόσημα
1012 732 1208 826 ἐγγενόμενον
1235 731 1325 797 ἀπώ-

162 864 247 924 λεσεν
279 859 385 941 αὐτὴν,
415 865 510 924 τοῦτο
534 855 586 922 καὶ
614 861 643 924 ἐν
672 858 770 951 ταότρ
802 858 893 925 πλέον
921 883 953 925 τε
978 856 1031 923 καὶ
1065 857 1261 950 ἰσχυρότερον
1290 860 1325 923 ἐκ

165 991 220 1057 τῆς
249 974 384 1057 ἐξουσίας
427 982 621 1080 ἐγγενόμενον
646 973 899 1049 καταδουλοῦται
927 973 1159 1075 δημοκρατίαν·
1190 983 1242 1046 καὶ
1278 988 1324 1064 τῷ

166 1107 232 1175 ὄντι
267 1106 304 1173 τὸ
335 1102 413 1199 ἄγαν
444 1132 475 1172 τι
504 1115 598 1173 ποιεῖν
619 1105 757 1200 μεγάλην
778 1112 857 1199 φιλεῖ
881 1105 922 1186 εἰς
944 1105 1119 1174 τούναντίον
1146 1099 1322 1195 μεταόολην

165 1221 419 1312 ἀνταποδιδόναι,
438 1233 468 1294 ἐν
492 1235 583 1323 ὥραις
605 1257 638 1297 τε
663 1228 717 1298 καὶ
734 1235 763 1297 ἐν
783 1218 888 1325 ρντοῖς
910 1232 962 1300 καὶ
991 1233 1020 1299 ἐν
1049 1233 1183 1322 σώμασι,
1212 1227 1265 1295 καὶ
1284 1220 1323 1302 δὴ

164 1354 217 1425 καὶ
237 1362 265 1425 ἐν
292 1355 459 1435 πολιτείαις
486 1359 544 1447 οὐχ
572 1361 696 1432 ἥκιστα.
717 1344 820 1426 —H
853 1356 912 1452 γὰρ
939 1354 1016 1452 σ’ίγαν
1046 1353 1199 1447 ἐλευθερία
1228 1355 1323 1420 ἔοικεν

164 1485 220 1550 οὐκ
250 1480 290 1559 εἰς
322 1476 398 1548 ἄλλο
433 1508 462 1549 τι
496 1481 514 1555 ἢ
550 1479 590 1559 εἰς
619 1478 699 1577 σίγαν
731 1475 870 1550 δουλείαν
899 1478 1102 1575 μεταόαλλειν
1132 1481 1184 1549 καὶ
1215 1475 1323 1574 ἰδιώτῃ

165 1608 217 1674 καὶ
241 1607 339 1674 πόλει.
361 1640 415 1690 ἡ
440 1606 585 1689 ῚΕἰκότως
603 1607 717 1696 τοίνυν,
739 1615 794 1677 οὐκ
816 1603 848 1687 ἐξ
879 1607 974 1690 ἄλλης
1006 1611 1161 1690 πολιτείας
1186 1610 1324 1704 τυραννὶς

166 1732 353 1801 καθίσταται
379 1731 397 1806 ii
423 1735 456 1799 ἐκ
480 1724 703 1825 δημοκρατίας,
732 1730 774 1820 ἐξ,
807 1729 909 1830 οἶμαι,
933 1747 989 1817 τῆς
1009 1736 1183 1832 ἀκροτάτης
1207 1735 1348 1803 ἔληθες

152 1858 229 1952 ,ρίας
252 1850 376 1925 δουλεία
393 1857 521 1932 πλείστη
536 1885 568 1943 τε
588 1861 639 1927 καὶ
657 1862 916 1956 ἀγριωτάτηέ
930 1865 1031 1931 Paulo
1049 1863 1324 1930 inferius-eluere

166 1986 219 2078 μὲν
240 1983 300 2078 ἄρα
324 1976 433 2072 δῆλον,
449 1987 496 2052 ότι
515 1988 648 2082 ὅτανπερ
664 1991 784 2078 φύηται.
795 1989 950 2080 τύραννος,
966 1987 1000 2052 ἐκ
1014 1996 1226 2078 προστατικῆς
1244 1978 1325 2079 ῥίζης

168 2107 220 2176 καὶ
239 2102 446 2175 οὗκόίλλοθεν
477 2105 691 2177 ἐκόλαστοίνει.
719 2151 764 2162 -
794 2123 903 2179 Ante:
923 2113 1041 2177 Οὐκοῦν
1072 2112 1125 2174 ἕνα
1147 2105 1217 2176 τινὰ
1244 2108 1325 2175 ἅεὶό

96 2322 99 2329 ¹
166 2226 264 2327 δῆμος
284 2233 367 2302 εἴωθε
388 2227 596 2328 διαφερόντως
620 2233 826 2329 προίστασθαι
847 2241 971 2321 ἑαυτοῦ,
991 2235 1043 2301 καὶ
1063 2242 1173 2313 τοῦτον
1205 2234 1325 2327 τρίρειν

166 2385 198 2426 τε
216 2359 268 2425 καὶ
292 2351 390 2436 αὔξειν
408 2361 518 2451 μέγαν.
534 2391 588 2404 -
606 2362 746 2428 Inferius
767 2354 899 2441 ιΟὗτος
922 2349 969 2441 δὲ,
1002 2359 1086 2450 ἕρην,
1115 2363 1131 2424 ό
1151 2349 1325 2436 στασιάζων

165 2482 302 2578 γίγνεται
318 2485 394 2573 πρὸς
409 2468 480 2562 τοὺς
498 2482 696 2576 ἕχονταςτὰς
717 2483 861 2564 οὐσίας...
879 2517 932 2528 -
950 2483 994 2550 Τὸ
1014 2475 1054 2558 δὴ
1078 2485 1255 2576 τυραννικὸν
1276 2483 1326 2552 αἴ·

165 2607 305 2701 τηματὸ
324 2606 573 2698 πολυθρόλλητον
597 2588 647 2684 ἐστὶ
668 2610 769 2694 τούτῳ
796 2608 909 2686 ποίντες
938 2609 965 2675 οἱ
992 2609 1032 2687 εἰς
1057 2617 1150 2675 τοῦτο
1166 2603 1324 2702 προόεόη-
1375 2669 1379 2677 .

164 2734 252 2810 κότις
272 2725 504 2825 ἐξευρίσκουσιν,
526 2730 620 2798 αἰτεῖν
639 2734 691 2800 τὸν
715 2724 814 2824 δῆμον
832 2731 970 2824 ρόλακοίς
989 2758 1072 2810 τινας
1087 2742 1143 2799 τοῦ
1163 2735 1322 2825 σώματος,

163 2859 214 2924 ἵνα
229 2864 288 2934 σῶς
307 2860 409 2935 αὐτοῖς
427 2854 446 2930 ἦ
465 2861 480 2922 ό
501 2867 557 2924 τοῦ
575 2848 675 2948 δόμου
694 2856 1035 2944 βοηθός....1ηίονίυοε
1056 2852 1241 2925 καταόαλὼν
1265 2855 1323 2925 ol).-

164 2989 236 3060 λους
268 2981 401 3058 πολλοὺς
425 2984 551 3052 ἕστηκεν
580 2987 610 3048 ἐν
640 2990 683 3069 τῷ
704 2974 801 3076 δίφρῳ
832 2992 887 3062 τῆς
912 2984 1043 3068 πόλεως,
1073 2982 1217 3075 τόραννος
1249 2981 1320 3048 ἀντὶ

164 3106 340 3198 προστοίτου
360 3106 642 3197 ἀποτετελεσμένος.
916 3174 940 3212 .

563 3324 654 3384 Cicer„
670 3323 701 3372 de
714 3322 826 3390 impubi„
842 3325 862 3386 Ι,
878 3328 919 3376 lll-
1005 3394 1007 3398 ,

199 3473 212 3498 ι
226 3451 266 3504 Ex
275 3446 327 3502 lmc
336 3443 422 3500 nimia
434 3444 555 3515 licentia,
569 3460 653 3516 quam
664 3444 701 3500 illi
713 3444 802 3500 solam
814 3444 974 3500 libertatem
984 3450 1096 3515 putant,
1107 3443 1146 3500 ait
1155 3443 1200 3500 illc
1211 3443 1322 3516 (Pluto),

164 3547 220 3596 ute
231 3537 314 3607 stirpe
325 3533 456 3606 quadum,
470 3533 602 3590 exsistere
615 3541 643 3590 et
653 3533 815 3606 quusi-nasci
828 3541 986 3606 tyrannum.
1000 3535 1071 3589 Nam
1084 3540 1115 3589 ut
1127 3547 1159 3590 cr
1174 3532 1261 3588 nimie
1273 3547 1323 3604 po-

166 3622 255 3678 tentia
268 3620 424 3693 principum
440 3619 527 3676 oritur
539 3619 666 3676 interitus
680 3613 849 3693 principum,
864 3621 904 3676 sic
918 3619 993 3677 hunc
1005 3619 1089 3677 nimis
1100 3619 1220 3677 liberum
1237 3634 1326 3692 popu·

165 3711 223 3768 lum
236 3710 347 3767 libertas
359 3708 417 3780 ipsu
429 3708 561 3764 servitute
572 3708 667 3764 allicit.
683 3710 727 3765 Sic
741 3709 833 3766 omniu
844 3707 941 3780 nimia,
956 3726 1041 3783 quum
1051 3709 1094 3766 vel
1104 3709 1321 3782 intempestate,

164 3802 205 3858 ecl
221 3800 250 3855 in
263 3799 346 3873 egris,
359 3799 401 3854 vel
416 3798 444 3854 lu
454 3800 616 3870 corporibus
631 3798 739 3855 laetioru
751 3799 872 3867 fuerunt,
888 3801 918 3856 in
930 3799 1067 3856 contrarie
1079 3798 1138 3856 iere
1150 3809 1323 3858 convertun-

164 3899 219 3962 tur,
228 3890 406 3960 maximeque
418 3887 444 3943 id
455 3887 484 3943 in
495 3881 578 3943 rebus
592 3887 808 3959 publicisevcnlt
821 3906 827 3942 ε
839 3886 1032 3961 nimiaqueillu
1045 3887 1158 3945 libertas
1170 3896 1201 3945 et
1211 3889 1325 3961 populis

164 3989 192 4038 et
207 3979 319 4052 privetis
333 3978 361 4033 in
371 3977 487 4032 nimiam
503 3977 663 4033 servitutem
678 3976 759 4033 cedit.
774 3981 870 4051 ltaque
889 3994 922 4034 ex
936 3977 988 4034 hec
1001 3977 1120 4034 murima
1136 3977 1266 4034 libertate
1280 3987 1323 4053 ty-

166 4071 262 4126 rannis
277 4067 409 4142 gignitur,
424 4075 452 4122 et
463 4066 506 4121 illa
521 4066 702 4138 injustissime
716 4075 744 4123 el
758 4066 906 4124 durissima
921 4068 1047 4125 servitus.
1064 4070 1105 4124 Ex
1120 4065 1174 4123 hoc
1186 4067 1260 4124 euim
1275 4083 1324 4141 pn-

165 4160 229 4231 pulo
248 4155 394 4220 indomito,
413 4154 454 4210 vel
469 4155 560 4225 potius
572 4154 703 4224 immuni,
718 4154 850 4229 deligitur
870 4157 953 4228 aliqui
974 4157 1135 4228 plerumque
1149 4154 1205 4211 (lux
1224 4165 1324 4214 contra

164 4248 225 4303 illos
244 4244 379 4318 principes
397 4243 513 4299 ufssiclos
525 4243 583 4316 jam
599 4249 626 4300 et
644 4243 772 4315 depulsos
790 4244 861 4314 locu,
880 4245 984 4314 undar,
1002 4245 1144 4316 impurus,
1157 4252 1325 4302 consectans

165 4343 290 4408 proterve
302 4333 373 4389 benc
391 4346 462 4404 saepc
480 4330 514 4387 de
533 4331 674 4404 republica
690 4332 803 4388 meritus
819 4333 929 4406 populo
943 4333 1114 4406 gratificans
1127 4337 1155 4388 et
1175 4333 1278 4390 alienu
1294 4340 1324 4390 et
