2790 4770
631 392 673 406 -·
700 359 764 422 208
788 390 829 403 -

156 499 235 558 dum
260 495 365 571 luisse,
391 513 589 577 gnarumque
600 496 699 577 (quod
711 500 759 558 est
774 494 971 573 'eloquentiae
1000 496 1315 578 maximum)quibus

157 603 308 665 orationis
330 602 432 665 modis
448 622 585 683 quaeque
605 603 786 665 animorum
807 605 913 680 partes
932 603 1128 680 pellerentur
1140 603 1195 684 (l).

196 710 273 784 Gir„
297 711 335 771 de
349 710 426 790 Off„
443 712 466 786 Ι,
489 729 558 789 cap.
586 714 623 773 19
644 730 651 771 :
669 744 709 755 -
724 708 917 770 Praeclarum
940 705 1039 788 igitur
1054 709 1196 772 Platonis
1216 709 1315 771 illud:

160 839 175 875 (ι
193 819 261 879 Non
275 818 390 892 solum,
409 816 525 896 inquit,
537 818 681 893 seientia,
697 834 769 896 quae
784 820 832 878 est
844 819 993 877 remotaa
1009 815 1144 894 justitia,
1163 817 1319 893 calliditas

157 920 273 997 potius,
299 939 396 1000 quam
419 921 571 1001 sapientia
587 930 634 985 est
656 907 860 1002 appellanda3
880 908 1103 983 verumetiam
1124 922 1251 984 animus
1269 940 1320 1002 pa-

158 1037 243 1094 ratus
257 1033 295 1092 ad
318 1029 509 1110 perieulum,
523 1031 548 1091 si
559 1049 616 1091 sua
630 1029 817 1109 eupiditate,
835 1047 899 1090 nou
924 1028 1060 1092 utilitate
1081 1029 1247 1092 communi
1261 1029 1321 1091 im-

158 1140 298 1218 pellitur,
315 1138 456 1202 audaeiae
479 1140 584 1218 potius
600 1157 717 1201 nomen
740 1139 855 1201 habeat
870 1156 966 1218 quam
980 1138 1176 1202 fortitudinis
1193 1139 1275 1220 (2).o

196 1246 274 1323 (lie,
296 1248 433 1329 ibidem„
443 1249 535 1327 poulo
554 1247 686 1327 inferius
701 1266 716 1323 ι
742 1281 781 1292 -
804 1248 845 1309 Ut
861 1247 947 1308 enirn
973 1246 1058 1324 apud
1073 1248 1243 1309 Platonem
1261 1253 1319 1324 est,

160 1373 287 1418 omnem
311 1372 434 1416 morem
453 1354 769 1417 Lacedaemoniorum
796 1355 1030 1417 inflammatum
1044 1373 1111 1417 esse
1140 1357 1322 1436 eupiditate

159 1464 330 1528 vincendi:
356 1464 412 1542 sio,
440 1468 475 1525 ut
500 1464 634 1542 quisque
659 1460 756 1524 animi
779 1462 997 1542 magnitudine
1023 1462 1160 1526 maxime
1177 1467 1320 1540 excellit,

160 1571 203 1634 ita
217 1570 353 1632 maxime
364 1571 429 1632 vult
444 1569 591 1651 princeps
609 1569 754 1631 omnium
773 1570 821 1630 vel
842 1570 948 1647 potius
968 1571 1054 1632 solus
1066 1570 1135 1632 esse
1149 1572 1204 1652 (3).

54 1758 59 1767 ι
108 1741 111 1745 ,
200 1676 277 1753 Cio„
293 1676 330 1736 de
346 1674 421 1754 Off„
438 1678 462 1751 l,
484 1693 554 1755 cap.
572 1678 609 1737 13
627 1695 633 1737 :
649 1709 689 1720 -
700 1675 811 1736 'Potius
826 1680 933 1736 autern
944 1669 1107 1753 injustitiae
1124 1676 1213 1736 nulla
1235 1677 1324 1756 oapi-

160 1784 254 1848 talior
269 1792 316 1849 est
334 1803 431 1865 quam
447 1802 570 1860 eorum,
588 1786 655 1864 qui,
675 1790 746 1846 tum
761 1802 860 1864 quum
874 1783 1012 1845 maxime
1027 1783 1152 1857 fallunt,
1178 1763 1210 1846 id
1224 1784 1328 1866 agunt

161 1901 197 1957 ut
209 1893 266 1956 viri
284 1895 360 1957 honi
380 1912 448 1956 esse
464 1894 630 1956 videantur
644 1893 697 1974 (4).

155 2063 156 2066 ,
201 2000 279 2077 Cio„
297 2002 334 2062 de
359 1999 437 2080 Off„
454 2003 478 2075 l,
503 2018 573 2078 cap.
592 2003 630 2060 25
649 2018 656 2060 :
679 2033 719 2046 -
733 1997 869 2060 Omnino
882 1997 935 2077 qui
950 1996 1136 2076 reipublicae
1155 1999 1326 2076 praefuturi

162 2114 244 2186 sunt,
261 2108 324 2169 duo
339 2094 479 2169 Platonis
500 2111 659 2187 praecepta
673 2111 801 2168 teneant
821 2125 828 2167 :
845 2122 956 2180 unum,
971 2109 1006 2166 ut
1017 2105 1189 2166 utilitatem
1204 2104 1327 2165 civium

163 2215 380 2288 metuerentur,
409 2217 446 2274 ut
461 2229 673 2291 quaecumque
695 2215 803 2290 agunt,
827 2212 865 2270 ad
882 2227 952 2271 eam
968 2209 1113 2284 referant,
1131 2205 1222 2269 obliti
1239 2226 1329 2270 oom-

163 2323 333 2384 modorum
356 2339 501 2395 suorum;
524 2322 671 2396 alterum,
692 2324 727 2381 ut
739 2324 844 2382 totum
857 2336 973 2396 eorpus
995 2317 1179 2397 reipublicae
1195 2321 1325 2390 curent,

165 2449 216 2506 ne,
231 2430 309 2489 dum
326 2434 449 2507 partem
466 2427 605 2507 aliquam
615 2433 755 2502 tuentur,
774 2427 910 2506 reliquas
924 2425 1073 2488 deserant
1087 2427 1138 2504 (5).

198 2658 234 2723 (i)
251 2656 320 2706 Pluto
338 2655 364 2704 in
378 2653 495 2704 Phaedro:
510 2677 521 2699 u
532 2655 615 2706 Πᾶσαι
636 2656 692 2704 όσαι
708 2654 810 2719 μεγάλαι
828 2654 877 2702 τῶν
896 2653 988 2718 τεχνῶν
1004 2653 1165 2718 προσδέονται
1180 2653 1330 2720 ἀδολεσχίας

162 2744 204 2795 καὶ
213 2741 405 2809 μετεωρολογίας
415 2741 511 2804 φύσεως
518 2741 582 2806 πέρι.
596 2741 631 2789 Τὸ
649 2741 694 2806 γὰρ
708 2739 848 2803 ὑψηλόνουν
860 2738 934 2788 τοῦτο
944 2737 986 2788 καί
995 2738 1023 2786 τὸ
1032 2737 1111 2798 πάντη
1125 2739 1329 2805 τελεσιουφγικόν

162 2831 240 2881 ἔοικεν
256 2824 365 2877 ἐντεῦθέν
377 2828 449 2876 ποθεν
467 2827 576 2876 εἰσιέναι.
596 2827 630 2873 Ὃ
644 2825 685 2874 καὶ
700 2824 830 2890 Περικλῆς,
846 2823 908 2888 πρὸς
927 2823 962 2887 τῷ
985 2823 1076 2884 εὐφυὴς
1095 2815 1167 2888 εἶναι,
1187 2823 1328 2880 ἐκτήσατο.

161 2915 316 2982 Προσπεσὼν
330 2912 385 2977 γὰρ,
400 2905 478 2975 οίμαι,
498 2910 604 2974 τοιούτῳ
618 2908 670 2959 ὄντι
687 2908 844 2974 Ἀναξαγόρᾳ,
860 2908 1054 2973 μετεωρολογίας
1066 2909 1222 2972 ἐμπλησθεὶς,
1234 2909 1329 2959 καὶέπὶ

163 2999 234 3063 φύσιν
247 3003 290 3047 νοῦ
303 2996 379 3046 τεκαὶ
389 2997 471 3052 ἀνοίας
484 2996 644 3059 ἀφικόμενος,
659 2988 692 3043 ὧν
705 2995 733 3054 δὴ
745 2995 800 3059 πέρι
812 2993 853 3042 τόν
866 2993 942 3042 πολὺν
951 2994 1024 3056 λόγον
1037 2992 1143 3044 ἐποιεῖτο
1153 2994 1329 3062 Ἀναξαγόρας,

163 3083 273 3133 ἐντεῦθεν
285 3084 397 3132 είλκυσεν
412 3079 451 3129 ἐπὶ
466 3081 510 3137 τὴν
525 3079 573 3127 τῶν
589 3078 669 3141 λόγων
683 3078 768 3143 τέχνην
780 3077 809 3126 τδ
820 3077 962 3144 πρόσφορον
975 3078 1046 3141 αὐτῇ.
1060 3099 1072 3121 ν

196 3168 232 3232 (2)
250 3165 287 3215 Cf.
301 3164 352 3213 hee
366 3162 472 3213 Platonis
486 3162 512 3210 in
524 3162 656 3228 Epitaphio
671 3180 676 3213 :
687 3184 791 3215 ......
800 3162 875 3212 Πᾶσό
888 3179 914 3212 τε
929 3163 1052 3226 ἐπιστήμη
1066 3164 1218 3229 χωριζομένη
1233 3166 1330 3214 δικαιο-

163 3251 239 3309 σύνης
250 3247 291 3298 καί
304 3249 347 3307 τῆς
362 3245 433 3306 ἄλλης
445 3246 542 3311 ἀφετῆς,
553 3245 700 3311 πανουργία,
711 3243 762 3294 ἀλλ’
776 3245 804 3294 οὐ
820 3245 904 3308 σοφία,
918 3245 1063 3309 φαίνεται.»

198 3335 233 3399 (3)
243 3334 312 3383 Plato
326 3332 351 3381 in
363 3330 469 3380 Lachete
483 3349 488 3379 ε
508 3352 520 3375 «
543 3332 602 3380 “Ori
616 3324 685 3395 σίμαι
698 3330 747 3394 ἐγὼ
759 3328 844 3392 τούτο,
856 3327 881 3378 εἴ
893 3347 916 3378 τι
928 3324 957 3389 ἦν
970 3331 1016 3380 ούκ
1030 3326 1059 3380 ἂν
1073 3330 1195 3389 λεληθέναι
1203 3331 1331 3383 Λακεδαιε

165 3419 273 3484 μονίους,
286 3410 323 3474 οἷς
337 3416 406 3467 οόδέν
418 3414 475 3466 ἀλλο
492 3416 558 3479 μέλει
568 3415 592 3465 ἐν
606 3415 641 3480 τῷ
657 3415 703 3480 βίῳ
719 3411 735 3475 ἢ
751 3413 826 3464 τοῦτο
841 3415 920 3475 ζητεῖν
934 3415 976 3465 καὶ
988 3416 1146 3476 ἐπιτηδεύειν,
1170 3418 1217 3477 ό,τι
1232 3416 1264 3468 ἂν
1282 3436 1331 3484 μα·

165 3505 245 3560 θόντες
255 3503 297 3552 καὶ
310 3501 513 3562 ἐπιτηδεύσαντες
522 3501 690 3551 πλεονεκτοῖεν
706 3500 755 3548 τῶν
772 3498 850 3550 ἄλλων
859 3501 916 3566 περὶ
925 3501 967 3551 τόν
982 3500 1097 3564 πόλεμον.
1110 3521 1123 3544 ν

198 3587 234 3653 (4)
253 3586 290 3639 Cf.
305 3585 373 3636 haee:
388 3607 400 3630 o
416 3585 523 3652 Ἐσχάτη
542 3585 589 3650 γὰρ
606 3584 688 3634 ἀδικία
704 3584 784 3634 δοκεῖν
807 3584 901 3634 δίκαιον
920 3580 991 3644 είναι,
1009 3586 1041 3648 μὴ
1059 3586 1128 3636 ὄντα.
1144 3605 1156 3630 ν
1170 3585 1280 3651 (Platon.
1299 3587 1331 3635 de

165 3675 223 3741 θερί.
239 3671 282 3735 ΙΙ.)

201 3756 236 3821 (5)
253 3755 332 3806 Plato.
345 3757 429 3805 Πολιτ.
441 3760 469 3804 1:
483 3775 494 3798 u
506 3752 605 3811 Οὐκοῦν
619 3746 648 3813 ἦν
663 3753 683 3802 δ’
701 3753 759 3817 ἐγὼ,
776 3747 796 3802 ὦ
811 3754 972 3820 Θφασύμαχε,
992 3754 1044 3803 οὐδ’
1059 3752 1129 3811 ἄλλος
1147 3755 1226 3811 οὐδεὶς
1241 3754 1269 3804 ἐν
1289 3759 1331 3807 οὐ·

125 3842 131 3853 ’
166 3840 239 3908 δεμιᾷ
253 3840 327 3905 ἀρχῇ,
342 3838 449 3888 καθόσον
463 3837 547 3904 ἄρχων
567 3837 629 3898 ἐστὶ,
644 3837 672 3886 τδ
687 3837 754 3901 αὑτῷ
769 3836 891 3903 ξύμφερον
906 3839 993 3887 σκοπεῖ
1006 3837 1056 3888 οὐδ’
1074 3839 1206 3897 ἐπιτάττει,
1224 3839 1290 3890 ἀλλὰ
1301 3841 1331 3890 τὸ

165 3927 201 3991 τῷ
216 3923 365 3991 ἀρχομένῳ,
382 3922 423 3972 καὶ
436 3916 456 3989 ᾧ
470 3920 498 3973 ἂν
512 3923 587 3979 αὐτὸς
599 3924 755 3988 δημιουργῇ·
778 3918 819 3971 κἀὶ
837 3921 898 3987 πρὸς
915 3921 993 3973 ἐκεῖνο
1015 3924 1108 3988 βλέπων
1129 3923 1170 3972 καὶ
1190 3923 1218 3973 τό
1240 3924 1331 3990 ἐκείνῳ

164 4012 285 4078 Εύμφερον
297 4008 338 4057 καί
349 4008 449 4074 πρέπον,
462 4008 503 4057 καὶ
516 4011 580 4073 λέγει
593 4006 610 4058 ἃ
623 4008 687 4073 λέγει
701 4009 742 4058 καὶ
754 4007 818 4057 ποιεί
831 4007 934 4058 ἅπαντα.
946 4035 975 4044 -
986 4006 1040 4056 Non
1049 4008 1127 4058 multo
1142 4018 1196 4074 post
1210 4025 1216 4060 :
1234 4037 1269 4047 ·-
1280 4012 1335 4061 Καὶ

165 4097 271 4148 ἐνταῦθα
283 4091 309 4144 ἂν
327 4092 467 4156 καταφανὲς
484 4093 595 4156 γενέσθαι
618 4095 657 4144 ότι
678 4096 691 4143 ό
712 4093 747 4157 τῷ
765 4094 816 4142 όντι
832 4091 942 4151 ἀληθινὸς
954 4091 1036 4158 ἅρχων
1057 4094 1086 4143 ού
1105 4093 1200 4158 πέφυκε
1216 4094 1246 4142 τὸ
1260 4096 1333 4163 αὑτῷ

165 4183 285 4246 ξύμφερον
293 4178 445 4237 σκοπεῖσθαι,
457 4177 516 4227 ἀλλὰ
528 4178 563 4241 τῷ
578 4178 718 4244 ἀρχομένῳ.
730 4205 761 4213 -
770 4175 808 4226 Gt.
822 4175 896 4226 etiam
909 4177 960 4227 haee
972 4177 1037 4228 inter
1048 4178 1126 4228 multa
1139 4178 1187 4228 alia
1199 4193 1268 4229 :‘-«
1281 4182 1333 4230 No·

166 4268 256 4330 μοθέτη
272 4266 300 4314 ού
315 4264 405 4314 τούτου
422 4262 487 4327 μέλει
497 4263 565 4318 όπως
578 4264 603 4312 ἐν
618 4280 642 4311 τι
656 4264 724 4327 γένος
737 4263 761 4312 ἐν
778 4261 846 4311 πόλει
856 4263 1022 4330 διαφερόντως
1034 4254 1061 4312 εὖ
1073 4263 1166 4331 πράξει,
1181 4262 1232 4315 ἀλλ’
1246 4264 1274 4316 ὲν
1287 4267 1332 4329 ὅλη

165 4357 194 4415 τῇ
207 4351 275 4400 πόλει
287 4347 362 4400 τοῦτο
378 4348 516 4414 μηχανᾶται
529 4348 678 4412 ἐγγενέσθαι.
695 4369 707 4392 ν
