2790 4770
547 322 746 387 -243-

105 463 196 538 idid,
216 479 285 540 cap.
310 464 330 522 6
347 481 354 524 ε
371 496 411 508 -
431 464 495 525 Nec
509 462 635 525 deliniri
660 463 787 525 aiebant
802 478 931 528 necesse
946 479 1025 540 esse,
1046 463 1123 542 quid
1139 470 1224 527 esset

61 569 206 650 cognitio
235 574 289 631 aut
315 567 479 649 perceptio
502 574 557 631 aut
585 568 622 648 tsi
643 569 811 630 verbume
835 568 932 640 verbo
959 568 1115 641 volumus)
1141 589 1220 632 eone-

56 676 240 757 peetensto,
260 693 356 756 quam
375 696 388 733 u
402 675 560 757 Koedtqpn
575 697 590 734 n
605 676 651 737 illi
664 681 794 751 vocant3
812 693 940 756 eosque,
958 676 1012 755 qui
1027 679 1220 755 persuadere

62 783 183 844 vellent
194 796 264 845 esse
278 781 409 863 aliquid,
427 783 512 863 quod
528 783 756 861 comprehendi
770 791 802 845 et
812 783 934 861 percipi
952 788 1068 861 posset,
1087 783 1223 845 inscien-

63 887 228 951 terlaeere
242 885 402 962 dicebant,
418 892 588 967 propterea
598 887 863 967 qnodnihilesset
874 886 988 950 clarius
1006 888 1188 972 «Ἐναργείᾳ,
1204 912 1220 949 n

64 993 239 1056 utGraeci:
266 995 517 1075 Perspienitotem
531 1001 586 1057 aut
608 996 793 1056 evidentium
815 1013 885 1071 nos,
902 995 927 1056 si
949 995 1063 1074 placet,
1079 995 1226 1059 nomine·

66 1117 150 1176 mus,
172 1099 441 1179 fabricemurque,
459 1100 484 1161 si
499 1119 578 1181 opus
593 1101 664 1177 erit,
681 1102 816 1163 verba...

109 1205 227 1268 Ibidem
241 1226 252 1267 :
267 1206 424 1280 -Quum
447 1207 534 1269 enim
555 1207 599 1269 ita
612 1212 741 1288 negaret
766 1207 943 1288 quidquam
959 1227 1038 1287 esse,
1052 1209 1135 1290 qnod
1146 1229 1226 1274 eom-

63 1313 214 1392 prehendi
223 1319 323 1392 posset
335 1312 379 1393 (id
396 1314 482 1375 enim
497 1315 641 1377 volumus
655 1332 723 1378 esse
739 1335 753 1373 u
764 1315 966 1397 Καταληπτόν),
982 1315 1036 1378 »si
1047 1315 1125 1380 illud
1134 1324 1227 1396 esset,

69 1418 153 1482 siout
174 1422 260 1481 Zeno
282 1418 438 1496 deliniret,
461 1422 524 1483 tale
545 1424 642 1483 oisnm
661 1421 739 1502 (jam
758 1422 844 1483 enim
865 1423 927 1485 hoc
943 1442 1001 1504 pro
1019 1447 1035 1485 o
1053 1426 1227 1509 Φαντασίᾳ»

70 1525 205 1589 verbum
219 1525 294 1588 satis
308 1527 456 1590 hesterno
471 1547 617 1591 sermone
634 1529 803 1611 trivimus),
819 1534 916 1591 nisum
929 1530 1025 1610 igitur
1038 1532 1230 1614 impressum

72 1632 279 1713 effictumque
294 1651 332 1697 ex
347 1652 396 1711 eo,
413 1637 500 1697 unde
515 1641 608 1712 esset,
628 1637 721 1716 quale
740 1654 885 1698 essenon
904 1643 1011 1715 posset
1026 1655 1064 1700 ex
1076 1657 1125 1716 eo,
1145 1643 1231 1704 unde

73 1758 140 1803 non
155 1745 238 1804 esset
251 1760 259 1804 τ
272 1743 305 1804 id
320 1760 377 1804 nos
391 1761 409 1804 a
423 1746 551 1805 Zenone
565 1744 732 1808 delinitum
748 1746 924 1808 rectissime
940 1746 1087 1810 dicimus.

114 1848 206 1925 Ibid,
231 1866 301 1928 cap.
316 1854 335 1910 7
361 1869 368 1910 ε
384 1852 530 1922 -Quod
549 1849 574 1911 si
590 1858 694 1914 essent
711 1853 795 1915 lalsae
809 1856 933 1927 notitiae,
954 1872 969 1911 e
986 1851 1129 1922 Ἐννοίας»
1146 1855 1232 1919 enim

73 1959 202 2017 notities
217 1957 376 2036 appellare
393 1962 430 2019 tu
444 1955 632 2020 videbare...
789 2040 792 2047 Ι

114 2061 207 2136 leid,
224 2079 294 2141 cap.
310 2066 331 2126 8
352 2081 360 2124 :
375 2066 508 2124 -Nam
527 2063 618 2126 aliter
638 2065 783 2145 appetitio
798 2065 880 2145 (eam
895 2064 982 2128 enim
996 2083 1064 2129 esse
1084 2050 1238 2130 volumus¹

78 2166 237 2248 α’θρμήν),
249 2189 265 2227 n
279 2188 343 2248 qua
354 2171 393 2231 ad
406 2171 564 2250 egendum
579 2169 784 2250 impellimur,
801 2177 833 2235 et
844 2171 876 2233 id
892 2174 1072 2252 appetimus
1085 2176 1171 2254 quod
1183 2179 1231 2239 est

74 2275 188 2349 visum,
203 2274 325 2338 moveri
341 2294 405 2338 non
421 2283 536 2356 potest.

115 2381 276 2458 Academ,
301 2379 358 2453 lib.
386 2383 424 2458 ll,
441 2399 510 2461 cap.
526 2384 547 2444 8
563 2400 570 2443 :
588 2414 628 2426 -
654 2366 763 2459 ltaque
785 2386 958 2459 deprimente·
979 2383 1139 2460 conclusio,
1159 2401 1231 2466 quae

75 2492 124 2551 cst
136 2490 245 2550 Graece
258 2487 410 2561 Ἀπόδειξις,
429 2477 473 2550 ita
484 2486 634 2550 definitur
651 2506 658 2548 ε
675 2488 767 2564 ratic,
785 2506 857 2567 quae
869 2506 906 2550 ex
918 2487 1014 2550 rebus
1024 2492 1182 2570 perceptis
1191 2496 1231 2556 ad

74 2594 121 2669 id,
138 2596 224 2675 quod
237 2614 301 2657 non
313 2594 560 2675 percipiebatur,
574 2595 715 2657 adducit.
1164 2600 1166 2605 '

116 2702 210 2777 leid,
233 2720 302 2782 cap.
318 2704 339 2764 9
353 2719 360 2762 :
380 2735 422 2749 -
435 2701 605 2781 Sapientiae
619 2719 694 2763 vero
708 2700 786 2781 quid
806 2702 949 2765 luturum
963 2703 1030 2766 est?
1042 2722 1114 2783 quae
1128 2722 1232 2785 neque

75 2812 117 2873 de
129 2828 163 2873 se
184 2810 252 2891 ipsa
266 2811 414 2874 dubitare
431 2811 536 2887 debet,
550 2827 655 2889 neque
669 2810 709 2872 de
727 2809 799 2885 suis¹
808 2811 947 2887 decretis,
963 2829 1034 2891 quae
1047 2810 1231 2892 philosophi

74 2924 190 2982 vocant
207 2919 400 3005 «Δόγματαψ
414 2938 430 2976 n

115 3025 192 3087 lbid.
208 3044 218 3088 .·
234 3056 275 3071 -
290 3026 446 3098 Quoniam
458 3022 544 3086 enim
558 3023 591 3084 id
612 3022 766 3085 haberent
782 3022 967 3084 Academici
979 3024 1131 3086 decretum
1148 3022 1229 3106 (sen-

74 3130 141 3195 titis
155 3131 243 3195 enim
257 3133 322 3212 jam
338 3133 399 3195 hoc
414 3149 466 3194 me
484 3129 606 3209 «Δόγμα
621 3150 637 3188 o
656 3129 787 3209 dicere),
802 3129 881 3191 nihil
893 3147 987 3209 posse
1003 3129 1166 3210 percipi...

72 3288 80 3297 ,
112 3241 207 3317 leid,
227 3258 299 3319 cap.
324 3244 362 3303 to
377 3260 384 3301 ε
401 3272 441 3284 -
465 3241 575 3301 Cetera
588 3244 695 3299 autem
710 3236 972 3300 similitudinibus
989 3237 1154 3300 constituit
1169 3257 1176 3302 :
1194 3258 1231 3301 ex

72 3347 188 3429 quibus
201 3328 383 3410 efficiuntur
396 3349 509 3408 notitiee
525 3362 637 3419 rernm,
653 3362 731 3423 quas
746 3342 845 3405 Graeei
861 3348 930 3404 tum
953 3341 1111 3421 «Ἐννοίας,
1126 3364 1142 3403 n
1160 3350 1229 3407 tum

76 3455 257 3538 «Προλήψεις
270 3477 286 3514 n
304 3459 425 3517 vocant.

111 3562 192 3623 Ibid.
213 3580 219 3622 :
243 3563 411 3624 nurerum
434 3559 530 3639 igitur
555 3556 721 3620 seientiam
741 3556 875 3635 vitaeque
894 3555 1105 3618 constantiam
1130 3558 1228 3637 aptis·

71 3666 153 3732 sima
168 3686 266 3749 quum
288 3669 329 3731 sit
355 3685 442 3729 mens
462 3665 611 3741 hominis,
632 3655 837 3743 amplectitur
850 3663 1225 3743 maximeeognitionem,

73 3782 106 3839 et
118 3773 213 3837 istam
231 3793 246 3833 o
261 3773 432 3854 Κατάληψιν,
448 3795 463 3831 n
482 3789 588 3852 quam,
604 3775 638 3833 ut
653 3770 729 3845 dixi,
744 3771 875 3832 verbum
890 3770 986 3831 verbo
1000 3769 1224 3848 exprimentes,

72 3880 363 3962 comprehensionem
377 3881 556 3947 dicemus...

111 3990 207 4066 leid,
220 4007 291 4069 cap.
307 3993 346 4052 ld
374 4009 381 4052 :
408 4024 448 4037 -
477 4015 509 4050 ...·
540 3991 630 4050 Nunc
650 3988 687 4049 de
707 3988 874 4048 assensione
893 3991 984 4064 etque
999 3988 1224 4066 approbatione,

74 4114 169 4175 quam
181 4094 285 4159 Graeoi
302 4118 317 4155 u
332 4096 529 4175 Συγκατάθεσιν
544 4119 557 4152 n
575 4099 698 4170 vocant,
718 4110 819 4172 pauca
832 4091 987 4154 dicemus.

112 4203 195 4264 ibid.
213 4223 221 4263 ε
237 4235 278 4249 -
293 4203 384 4277 Nam,
413 4201 576 4283 quomodo
598 4219 663 4264 non
685 4205 790 4281 potest
806 4197 924 4259 animal
943 4196 1044 4259 ullum
1056 4213 1225 4275 nonappe·

73 4312 141 4371 tere
165 4306 222 4386 id,
255 4308 341 4387 quod
369 4306 623 4372 accommodatum
650 4307 693 4368 od
719 4310 862 4369 notorem
885 4304 1035 4382 appareat
1057 4300 1165 4383 (Greci
1191 4292 1224 4360 id

587 4588 594 4621 l
