2790 4770
659 297 861 362 -280-

216 437 358 513 Astmm,
375 451 461 515 saepe
475 453 527 515 ap.
549 440 634 514 poet.

215 543 353 619 Athleta,
370 542 434 604 vid.
454 545 531 604 Hor.
545 575 585 589 -
595 544 665 604 Sen.
680 578 720 589 —
731 545 843 608 loven.

213 650 359 724 Basilica,
374 650 523 712 Basilicus
540 652 701 729 (Βασιλικόε)
717 671 768 733 ap.
785 655 885 717 Plaut.
900 656 989 734 Capt
1015 657 1054 733 V,
1073 659 1102 732 ἒ,
1120 661 1148 718 2.

213 760 396 834 Brachium,
413 777 489 839 saep.
505 776 556 838 ap.
573 765 660 838 poet.

212 868 368 943 Calamus,
384 885 461 946 saep.
478 885 529 946 ap.
547 870 632 946 poet.
890 949 897 960 ,

211 975 479 1056 Chirographum,
497 975 561 1037 vid.
580 977 668 1038 Suet.
684 977 777 1038 cas:

209 1084 382 1146 Comoedia.
398 1083 445 1164 (V.
462 1085 587 1147 Terent.
602 1085 698 1160 And„
714 1084 794 1163 prol.
810 1089 860 1148 26.
878 1121 913 1134 -·
927 1088 1002 1151 Hor.
1019 1093 1050 1152 et
1084 1088 1144 1152 lios
1162 1101 1251 1171 poet.

209 1192 376 1264 Diadema‚
392 1209 443 1270 ap.
463 1196 552 1269 poet.

211 1299 370 1378 Dialogus,
391 1299 425 1360 V.
443 1299 554 1360 Senec.
567 1299 611 1362 de
624 1299 747 1373 Benel,
764 1299 801 1377 V,
816 1302 867 1364 l9.

208 1404 319 1480 Dolus,
337 1402 403 1465 vid.
419 1408 506 1482 poet,
777 1388 781 1394 ’

210 1511 379 1592 Ephippia,
396 1513 436 1574 de
454 1513 535 1587 nin„
553 1514 601 1581 ΙΙΙ,
617 1516 649 1574 Ι.

211 1617 361 1698 Historia,
377 1621 568 1698 Senec.,cp.
586 1623 624 1681 94
637 1625 728 1700 etap.
746 1625 833 1698 poet.

209 1730 313 1808 Lyrae,
330 1729 425 1807 apud.
445 1733 533 1808 poet.

212 1835 385 1911 Paroohus,
401 1836 490 1908 Hor„
510 1836 574 1896 Sat.
594 1835 618 1907 Ι,
632 1835 663 1907 5,
679 1836 733 1895 m.

210 1943 328 2005 Sorites
340 1942 393 2022 (l),
410 1944 500 2016 Hor„
518 1942 581 2003 Sat.
597 1942 635 2011 ΙΙ,
650 1945 680 2017 8,
695 1945 747 2004 36.

212 2047 420 2128 Symphonia,
435 2048 525 2120 Hor„
541 2047 609 2109 Art.
628 2046 727 2123 Poet,
744 2050 814 2109 374.

213 2156 390 2236 Tragoedia,
407 2174 458 2234 ap.
476 2160 563 2233 poet.

101 2338 103 2342 ⁸
212 2265 396 2341 Theatrum,
413 2281 465 2343 ap.
483 2267 573 2344 poet.

215 2484 400 2561 Quanquam
428 2479 490 2542 illis
513 2483 737 2544 tantummodo
764 2481 868 2543 verbis
889 2482 942 2563 (Ι),
956 2500 1027 2562 quae
1050 2488 1123 2545 ante
1135 2484 1213 2549 trita
1228 2497 1330 2567 erant,

178 2588 326 2651 utebatur
354 2587 473 2662 Cicero,
501 2588 652 2649 nonnulla
676 2593 783 2650 tamen
807 2589 992 2663 celebriora,
1017 2594 1052 2650 ut
1081 2589 1125 2650 ita
1148 2589 1266 2664 dicam,
1282 2612 1335 2654 suu

179 2696 284 2758 effecit
302 2695 488 2756 auctoritate
506 2713 513 2754 ε
537 2700 631 2773 atque
652 2695 706 2754 illo
727 2700 864 2768 mortue,
878 2695 955 2754 nulli
974 2701 1043 2755 tum
1058 2695 1170 2774 religio
1183 2698 1247 2760 fuit
1261 2719 1336 2779 quo-

182 2802 285 2865 minus
301 2802 411 2864 litteris
433 2801 548 2878 latinis
565 2819 623 2862 nec
635 2801 701 2880 jam
716 2802 839 2879 graecis,
861 2822 874 2857 c
890 2801 1111 2878 Philosophia»
1132 2809 1186 2863 aut
1201 2804 1265 2864 alia
1282 2825 1339 2867 vox

181 2914 384 2977 scriberetur.
402 2912 435 2972 ld
450 2915 558 2972 autem
575 2910 704 2972 curabat
714 2907 963 2988 providebatque
978 2910 1098 2971 Tullius
1114 2909 1285 2990 interpres,
1301 2929 1338 2973 ne

184 3025 361 3085 discederet
375 3039 394 3081 a
411 3018 573 3082 communi
588 3036 676 3079 more
690 3019 871 3080 verborum.
891 3019 1101 3088 Quamobrem
1113 3039 1217 3098 pauca
1234 3025 1339 3082 Graeca

187 3129 342 3208 (utsupra
363 3124 439 3206 dixi)
466 3143 565 3204 eaque
586 3125 689 3185 solum
712 3143 770 3185 usu
793 3131 952 3204 praeeepta
975 3127 1111 3204 sumpsit
1130 3147 1190 3206 pro
1208 3131 1285 3203 suis,
1310 3134 1341 3189 et

182 3252 282 3314 quum
301 3234 340 3295 de
362 3232 455 3293 rebus
470 3233 558 3295 novis
574 3249 669 3293 novas
681 3232 800 3311 fingere
814 3231 992 3294 locutiones
1010 3241 1138 3295 coactus
1150 3236 1222 3314 snit,
1238 3237 1340 3297 admi-

183 3336 282 3397 rabile
299 3342 346 3398 est
361 3354 455 3416 quam
478 3355 510 3397 se
523 3343 652 3399 cautum
665 3344 696 3399 et
710 3338 899 3400 inaudacem
914 3338 967 3417 (3),
990 3339 1260 3422 quotiescumque
1270 3345 1340 3404 inu-

181 3444 272 3504 sitate
299 3445 491 3521 loqueretur,
518 3443 702 3505 ostenderit.
732 3445 861 3506 Sciebat
890 3446 976 3506 enim
998 3451 1113 3508 teretes
1129 3465 1168 3509 ac
1187 3451 1341 3513 delicatas

183 3551 351 3632 aequalium
370 3571 499 3614 suorum
513 3571 603 3615 aures
615 3552 734 3614 offendi
752 3571 857 3632 posse,
875 3553 901 3613 si
917 3554 993 3632 quid
1009 3554 1077 3633 ipse
1091 3572 1210 3617 novare
1226 3559 1343 3620 nitere-

185 3662 243 3733 tur,
262 3676 364 3737 neque
380 3659 439 3736 ipsi
462 3660 545 3720 viros
559 3660 717 3738 elegantes
739 3676 775 3720 ea
789 3677 860 3736 quae
874 3660 986 3720 Plauto
1001 3658 1192 3737 Caeoilioque
1209 3662 1341 3723 Romani

181 3769 345 3842 dederant,
364 3786 431 3830 esse
452 3786 668 3844 concessuros,
690 3769 750 3829 nisi
769 3769 991 3829 necessitatem
1011 3767 1105 3846 patrii
1121 3771 1281 3832 sermonis
1295 3771 1340 3832 di-

215 3979 251 4043 (1)
269 3975 332 4025 ndd.
348 3972 469 4042 symbolus
484 3977 532 4041 (ap.
547 3973 584 4024 Pl.
598 3973 637 4024 Ps.
651 3974 681 4034 ΙΙ,
698 3977 723 4038 2,
737 3978 768 4026 tt
783 3985 807 4025 et
821 3992 859 4041 ap.
874 3973 907 4026 ΙΙ.
922 3973 950 4027 Ρ.
965 3974 1104 4038 Catonem).

214 4063 249 4128 (2)
267 4061 320 4109 Huc
345 4059 469 4126 pertinent
492 4059 575 4121 verba,
597 4077 650 4126 quae
668 4061 719 4126 jam
739 4061 804 4126 apud
820 4060 932 4110 Plautum
950 4059 1116 4126 reperiuntur,
1139 4061 1253 4130 epistola,
1273 4063 1339 4121 aula,

177 4165 256 4217 pana,
269 4143 357 4216 plaga,
373 4160 465 4204 nervas,
479 4153 526 4195 etc.
540 4144 631 4194 -nlia
644 4145 761 4211 proponit
774 4144 889 4194 Lexiccn.

210 4234 244 4297 (3)
263 4230 329 4280 Inter
342 4229 405 4284 ἅπαξ
421 4229 537 4296 εἰρημένα
550 4230 728 4280 numerandum
745 4239 780 4279 est
796 4229 883 4294 adject.
898 4252 911 4271 κ
923 4226 1032 4277 inaudax
1047 4250 1059 4274 n
1077 4229 1145 4295 (llor.
1161 4229 1209 4280 od.
1228 4232 1272 4292 ΙΙΙ,
1288 4234 1339 4296 20).

180 4315 224 4366 Illo
240 4326 320 4367 tamen
328 4330 385 4364 usus
396 4330 449 4363 sum
460 4330 466 4365 :
479 4312 593 4364 Feliciter
607 4315 673 4365 enim
685 4339 697 4359 u
710 4316 791 4363 Graeco
800 4313 870 4382 fonte
879 4311 946 4363 cadit
955 4336 1013 4365 ».—
1020 4313 1057 4366 Cf.
1074 4317 1199 4383 ’Άτολμος
1208 4316 1340 4386 (Thucyd.)
