2790 4770
10 4046 18 4087 1

10 4440 25 4675 l

412 417 447 469 Ex
461 418 621 478 claremaus,
636 429 709 486 poeta
721 420 824 471 comico.

153 546 242 637 Τύχη
260 541 301 611 τὰ
316 541 433 618 θνητῶν
449 543 611 639 πράγματ’
626 546 681 612 οὐκ
695 540 839 614 εὐὸουλία
859 536 872 640 (
897 536 923 640 ).

495 707 559 773 cie,
579 713 661 774 Tute,
675 710 706 772 V,
722 715 747 762 9.

154 819 197 879 Cf.
212 819 305 877 Vitam
317 818 390 894 regit
401 819 531 885 Fortuna,
545 835 603 877 non
614 820 770 893 Sapientia:

88 1029 146 1091 Illa
175 1029 394 1110 interpretatio
420 1027 592 1109 quamdam
622 1030 719 1093 habet
736 1031 943 1094 subtilitatem
960 1037 991 1095 et
1007 1031 1207 1113 elegantiam.

50 1136 109 1199 llic
134 1137 274 1217 primum
296 1144 450 1219 apparent
462 1158 571 1206 versus
598 1136 764 1220 impariter
785 1135 987 1219 juncti'apud
1009 1139 1205 1216 Ciceronem,

51 1263 115 1306 non
134 1246 274 1324 perfecte
289 1247 328 1307 ad
351 1264 431 1323 eam,
450 1266 522 1330 quae
543 1255 652 1330 postea
675 1247 782 1322 valuit,
799 1249 1034 1310 accommodati
1054 1249 1207 1328 regulam,

51 1351 189 1432 ideoque
213 1351 397 1417 Latinorum
423 1361 524 1418 artem
551 1357 726 1419 admodum
745 1357 857 1417 rudem
872 1363 1049 1435 arguentes.
1067 1358 1111 1418 Ne
1133 1373 1208 1418 vero

51 1461 265 1537 maturimae,
283 1480 356 1543 quaa
382 1463 543 1543 pertinent
558 1465 597 1527 ad
613 1481 681 1526 rem
706 1463 885 1537 metricam,
899 1464 1107 1543 disputemus,
1125 1482 1209 1527 nuno

53 1568 140 1630 Arati
155 1569 369 1632 Phaenomena
391 1572 521 1634 tandem
552 1579 624 1635 ante
643 1573 752 1634 oculos
767 1589 954 1650 proponam.
981 1573 1056 1649 Quae
1080 1569 1209 1651 quidem

53 1674 227 1756 saepissime
246 1678 330 1739 edita
352 1697 458 1740 rursus
479 1678 592 1761 etipse
610 1676 821 1741 transcribere
835 1676 975 1757 primum
991 1675 1144 1754 dubitavi,
1158 1696 1209 1740 ve-

55 1782 133 1844 ritus
150 1782 430 1861 reprehensionem
451 1787 618 1849 doctorum
644 1792 738 1867 atquc
767 1786 983 1865 prudentium,
1006 1784 1030 1846 si
1049 1803 1209 1847 commen-

54 1888 207 1952 tationem
229 1891 296 1971 jam
321 1891 415 1954 nimis
438 1894 566 1972 longam
594 1894 772 1973 longiorem
786 1893 890 1954 adhuc
918 1893 1089 1954 efficerem.
1108 1894 1209 1964 Quum

54 2015 127 2061 vero
143 1997 285 2061 indicem
307 2000 580 2064 Graeco—Latinum
602 2003 764 2064 commodi
778 2001 878 2080 gratia
893 2019 1018 2077 eorum,
1040 2001 1154 2079 quibus
1170 2003 1210 2064 dc

56 2106 273 2186 pernoscenda
294 2108 386 2169 Tullii
403 2107 585 2188 interpretis
609 2109 715 2189 lingua
737 2127 821 2171 cnrae
842 2108 913 2184 erit,
932 2106 1070 2187 adjicere
1097 2108 1213 2170 consti·

56 2215 197 2289 tuissem‚
215 2221 251 2278 ut
270 2220 374 2278 cetera
385 2215 574 2296 fragmenta,
595 2214 839 2296 qualiacumque
855 2216 928 2291 sint,
941 2213 986 2277 sio
998 2216 1212 2278 Phaenomena

58 2319 87 2382 in
100 2322 163 2384 hoo
186 2341 250 2384 uno
278 2324 431 2402 opusculo
450 2322 574 2404 collegi.

359 2538 453 2591 antri
475 2539 624 2592 sohcbsls
641 2539 844 2592 ennuchum
857 2540 903 2606 (2).

117 2729 147 2769 1.
168 2688 213 2769 Εκ
227 2703 299 2779 Διὸς
318 2703 515 2796 ἀρχώμεσθα.
537 2756 545 2770 .
566 2755 573 2770 .

272 2945 306 2998 n.
323 2944 353 2999 r.
371 2945 536 2999 cronnorus
548 2924 595 2997 ‘nx
611 2947 716 2999 asaro
733 2947 961 3036 pannonum(
980 2950 999 3015 ).

167 3109 212 3165 Ab
221 3111 290 3167 love
304 3126 445 3170 musarum
458 3111 618 3184 primordia.
717 3133 722 3142 ·

802 3186 866 3247 Cic„
879 3184 910 3233 de
923 3191 994 3252 Lag„
1010 3184 1042 3247 ll,
1056 3188 1080 3235 3.

94 3421 131 3484 (l)
151 3419 205 3469 Vid.
220 3420 386 3483 Plutarchum,
402 3421 445 3488 qui
459 3438 557 3471 carmen
569 3421 630 3472 illud
643 3421 745 3488 protulit
756 3421 782 3471 in
797 3421 897 3471 exordio
915 3420 982 3482 libri,
999 3437 1071 3486 quem
1083 3419 1118 3470 sio
1131 3407 1217 3469 inscri-

64 3514 131 3571 ptum
145 3506 300 3574 accepimus:
313 3507 369 3574 περὶ
381 3507 465 3574 τύχης.

95 3591 133 3654 (2)
148 3589 250 3642 Secutus
263 3608 316 3641 som
329 3593 452 3658 exemplar
461 3591 491 3642 ab
503 3592 574 3642 hmb.
585 3590 613 3641 F.
624 3591 696 3642 Didot
708 3591 809 3650 editum,
819 3592 885 3657 quod
897 3589 1019 3641 recensuit
1030 3590 1098 3640 Arm.
1107 3588 1217 3655 Koechly,

65 3673 126 3725 idern
141 3691 235 3727 summa
246 3693 306 3727 cura
317 3676 473 3728 emendatum
486 3677 559 3727 luisse
572 3686 650 3729 ratus.

97 3762 131 3823 (3)
150 3759 206 3809 flaee
218 3759 341 3810 Ciceronis
353 3761 470 3826 carmina,
488 3761 579 3811 Orellio
592 3761 727 3828 prasertim
750 3770 860 3822 auctore,
885 3760 949 3810 dedi.
971 3759 1098 3827 Egregium
1122 3773 1220 3825 quoque

65 3841 85 3891 J.
100 3842 130 3895 V.
146 3842 257 3911 leclerq.
272 3861 333 3912 opus
344 3862 458 3913 magnum
471 3847 584 3898 utilitatis
597 3846 704 3897 fructum
717 3847 778 3896 mihi
791 3846 903 3914 praebuit.
920 3847 993 3897 Plura
1005 3845 1130 3896 Ciceronis
1139 3843 1221 3894 omisit

67 3927 169 3980 lexicon
183 3929 212 3979 lt.
227 3930 354 3997 Stephani,
374 3947 420 3982 noc
433 3932 489 3984 satis
507 3933 634 3983 commode
647 3933 723 3983 divisa
737 3943 793 3983 sunt
815 3932 958 3999 fragmenta.
977 3930 1004 3981 Si
1029 3932 1091 3981 forte
1111 3929 1222 3980 conferas

68 4011 131 4061 Arati
145 4011 306 4063 phaenomena
327 4013 358 4064 ah
378 4015 409 4064 ll.
430 4015 554 4083 Stephano
568 4017 633 4067 edita
651 4017 730 4066 eidem
746 4017 863 4084 opusculo
889 4016 955 4081 quod
969 4013 1092 4064 recensuit
1107 4010 1219 4068 Orellius,

67 4111 139 4163 usqne
160 4099 191 4149 ad
205 4114 300 4149 versum
321 4102 387 4168 quod
403 4111 547 4152 numeratur
566 4106 623 4162 231,
648 4101 789 4170 quindecim
811 4100 886 4151 Tullii
905 4116 988 4150 versus
1012 4099 1095 4150 abesse
1115 4097 1222 4162 reperies

67 4184 238 4249 respondentes
249 4186 398 4238 carminibus
412 4187 505 4239 Arateis
526 4189 615 4255 quibua
629 4188 725 4240 numeri
737 4198 800 4247 sunt,
820 4191 843 4247 1,
862 4190 902 4247 10,
915 4191 956 4247 21,
971 4191 1011 4245 71,
1028 4189 1070 4250 911,
1088 4185 1144 4249 tto,
1162 4183 1220 4241 130,

69 4267 194 4328 131,132,
214 4272 273 4335 131,
290 4274 346 4330 tte,
360 4276 415 4332 152,
434 4275 491 4335 155,
509 4277 562 4333 113,
577 4277 635 4325 221.
1144 4284 1146 4287 ’
