2790 4770
608 298 808 361 -128-

131 427 240 507 ipsius,
257 432 311 513 sed
326 433 385 495 hos
400 433 494 496 etiam
519 437 559 497 de
579 437 782 519 philosophia
797 437 894 500 libros
910 435 1051 500 studiose
1066 437 1195 518 legeret.
1210 461 1225 498 u
1239 437 1291 504 Vis

135 547 231 624 enirn,
248 549 362 630 inquit,
383 550 641 637 dicendi·major
668 562 715 619 est
731 557 764 618 in
790 555 866 633 illis;
885 559 940 619 sed
964 557 1026 619 hoo
1040 574 1169 637 quoque
1184 558 1292 619 colen-

135 654 213 717 dum
228 661 275 719 est
288 658 444 736 aequahile
459 666 491 724 et
505 665 720 742 temperatum
732 662 883 726 orationis
897 682 995 744 genus
1007 663 1088 744 (l).»

174 765 322 845 Apertius
337 765 432 829 etiam
458 768 594 833 dicendo
609 788 699 833 sensa
712 771 744 832 in
759 771 821 833 hoc
841 772 912 834 loeo
935 771 1073 850 explicat
1089 789 1096 830 :
1121 771 1293 833 «Philoso-

136 873 211 954 phia
220 876 321 956 jacuit
333 895 432 957 usque
458 879 496 940 ad
512 879 596 941 hanc
611 885 748 956 aetatem,
765 896 824 941 nec
840 879 941 940 ullum
953 877 1066 941 hahuit
1077 879 1186 941 lumen
1206 877 1293 942 litte-

134 999 241 1044 rarum
256 985 443 1046 latinarum:
472 1004 544 1065 qua
568 987 756 1049 illustranda
780 993 812 1049 et
834 986 1001 1050 excitanda
1016 985 1108 1049 nobis
1125 991 1184 1062 est,
1201 989 1248 1062 ut,
1266 985 1293 1046 si

81 1176 84 1180 ἡ
136 1088 283 1168 occupati
309 1091 487 1170 profuimus
510 1072 631 1175 aliquid
662 1092 783 1157 civibus
807 1094 935 1170 nostris,
952 1093 1109 1172 prosimus
1133 1091 1240 1170 etiam,
1264 1090 1293 1155 si

138 1194 307 1273 possimus,
325 1199 430 1261 otiosi.
459 1202 494 1261 ln
519 1220 582 1281 quo
598 1219 635 1264 e0
664 1202 763 1282 magis
776 1201 870 1263 nohis
885 1207 931 1262 est
951 1198 1191 1277 elaborandum,
1207 1201 1292 1281 quod

137 1307 227 1368 multi
239 1307 305 1387 jam
323 1325 390 1370 esse
410 1310 498 1372 latini
513 1311 585 1374 libri
609 1311 759 1373 dicuutur
772 1311 890 1390 scripti
902 1311 1145 1381 inconsiderate,
1158 1309 1198 1371 ab
1214 1308 1295 1389 opti-

137 1413 198 1476 mis
211 1415 273 1476 illis
299 1417 431 1496 quidem
445 1417 529 1493 viris,
547 1420 601 1480 sed
619 1436 682 1497 nou
708 1418 783 1480 satis
802 1418 946 1480 eruditis.
964 1415 1047 1479 Fieri
1067 1422 1174 1479 autem
1188 1404 1295 1496 potest

135 1527 174 1610 ut
190 1528 275 1586 recte
291 1525 361 1604 quis
378 1526 503 1601 sentiat,
520 1530 552 1588 et
578 1525 624 1600 id,
640 1526 726 1605 quod
742 1525 847 1603 sentit,
865 1525 963 1607 polite
979 1525 1087 1607 eloqui
1099 1543 1164 1588 non
1181 1523 1291 1606 possit.

138 1632 200 1695 Sed
220 1633 370 1713 mandare
398 1651 591 1714 quemquam
619 1633 733 1698 litteris
759 1633 967 1712 cogitationes
985 1652 1067 1710 suas,
1085 1632 1141 1714 qui
1167 1651 1219 1697 eas
1234 1651 1295 1697 nec

140 1736 308 1816 disponere
334 1757 394 1801 nee
418 1740 575 1822 illustrare
600 1740 711 1821 possit,
733 1757 793 1803 nec
817 1740 1027 1804 delectatione
1042 1742 1148 1821 aliqua
1165 1742 1295 1805 allicere

140 1845 304 1922 lectorem,
317 1847 459 1910 hominis
473 1853 520 1936 est
529 1846 776 1929 intemperanter
789 1847 949 1910 abutentis
964 1854 996 1911 et
1008 1849 1074 1911 otio
1095 1853 1128 1911 et
1138 1848 1293 1912 litteris...

139 1953 239 2026 Quare
251 1955 277 2017 si
292 1955 412 2037 aliquid
428 1957 575 2020 oratoriae
588 1958 689 2020 laudis
701 1963 808 2020 nostra
826 1957 988 2020 attulimus
1007 1957 1176 2036 industria,
1192 1958 1295 2020 multo

139 2065 311 2128 studiosius
327 2066 535 2147 philosophiae
555 2067 658 2129 lontes
673 2067 862 2146 aperiemus,
880 2083 897 2127 e
915 2064 1031 2144 quibus
1047 2066 1144 2129 etiarn
1159 2065 1216 2127 illa
1229 2083 1296 2128 ma-

139 2173 257 2236 nabant
272 2174 325 2255 (ι).
340 2196 356 2233 »
373 2177 474 2237 -lta
496 2175 606 2238 Cicero
624 2173 749 2237 consilii
765 2175 814 2237 sui
840 2173 997 2236 rationem
1012 2171 1161 2235 ostendit.
1180 2172 1250 2233 Hoc
1263 2169 1297 2230 in

141 2283 248 2346 animo
269 2283 466 2364 praecipuum
486 2284 583 2347 hahet
598 2289 632 2346 ut
646 2281 678 2345 id
692 2284 777 2362 quod
792 2281 963 2344 sentiatde
978 2279 1182 2360 philosophia
1196 2279 1297 2361 polite

141 2393 328 2473 eloquatur:
349 2391 402 2455 ille
417 2391 512 2473 igitur
537 2391 689 2455 orationis
704 2391 858 2454 faciendae
876 2397 907 2453 et
921 2389 1072 2453 ornandae
1085 2394 1198 2452 auctor
1209 2388 1296 2452 locu·

141 2501 344 2578 pletissimus,
356 2519 395 2563 ne
408 2501 483 2580 quid
499 2501 531 2561 in
546 2499 673 2562 dicendi
685 2517 800 2580 genere
812 2500 853 2562 sit
867 2499 1038 2562 infractum
1048 2504 1081 2561 et
1094 2501 1296 2577 amputatum

143 2607 282 2670 studiose
312 2612 411 2669 curat.
436 2609 503 2681 Hoc
520 2608 586 2668 lere
607 2626 708 2669 unum
726 2607 799 2671 satis
818 2613 865 2671 est
881 2608 927 2669 illi
942 2610 977 2668 ut
992 2604 1053 2669 alia
1064 2603 1296 2685 specieillumi-

22 2786 24 2791 ,
141 2720 256 2777 nentur
281 2713 456 2776 sententiae.
484 2713 560 2773 Inde
579 2711 613 2775 fit
628 2720 776 2793 utreque
790 2715 886 2791 nitor,
900 2731 1005 2793 neque
1018 2713 1169 2791 impetus,
1190 2728 1294 2793 neque

1 2851 3 2854 ·
60 2912 62 2914 Ι
142 2821 323 2905 eloquentia
339 2823 423 2903 apud
444 2838 516 2882 eum
542 2819 749 2883 desideretur.
777 2822 1010 2902 Disputationes
1030 2820 1160 2900 exponit
1176 2820 1294 2901 «quasi

141 2948 191 2993 res
205 2939 326 3010 agatur,
344 2947 407 2991 non
423 2928 512 3008 quasi
526 2932 670 2989 narretur
685 2927 737 3007 (3).
754 2949 768 2986 o
786 2928 828 2990 Ut
848 2927 881 2987 in
896 2925 1103 3001 orationibus,
1115 2926 1161 2988 sic
1178 2925 1211 2987 in
1227 2926 1296 2987 dia-

141 3033 221 3114 logis
242 3050 352 3096 omnes
367 3031 512 3095 ordinate
526 3037 631 3110 partes
648 3037 832 3107 nascuntur,
853 3029 1018 3093 exordium
1035 3030 1158 3093 scilicet
1173 3037 1203 3093 et
1215 3048 1295 3093 con·

142 3139 278 3204 firmatio
293 3146 325 3202 et
339 3138 509 3219 peroratio.
533 3138 613 3200 Illud
629 3134 807 3218 praesertim
824 3135 857 3197 in
873 3136 1031 3217 principio
1044 3137 1295 3199 Tusculanarum

142 3247 353 3328 questionum
366 3247 527 3308 notatione
542 3245 674 3324 dignum
686 3243 836 3317 arbitror.

181 3355 338 3436 Equidem
359 3351 419 3414 ista
442 3353 596 3433 proiecto,
617 3369 688 3431 quae
707 3350 782 3425 dixi,
797 3351 895 3412 lusius
919 3349 1156 3431 elegantiusque
1177 3350 1294 3413 alitte-

142 3463 217 3526 ratis
230 3459 304 3524 viris
330 3461 488 3540 disputata
510 3458 606 3520 luisse
627 3475 692 3519 uon
705 3457 834 3536 ignoro;
853 3457 965 3518 eadem
989 3455 1084 3536 igitur
1096 3475 1161 3520 nou
1177 3456 1295 3519 iterum

141 3568 173 3632 iu
188 3576 328 3633 mentem
345 3585 492 3637 revocare
509 3584 604 3628 ausus
616 3581 729 3639 essem,
747 3561 806 3624 nisi
827 3581 884 3626 nos
898 3568 982 3640 aute,
999 3581 1071 3643 quae
1089 3561 1234 3627 Ciceroni
1250 3567 1297 3627 lu-

140 3685 212 3742 tura
229 3677 269 3740 sit
283 3680 408 3740 Graecos
424 3671 651 3754 interpretandi
671 3668 762 3747 ratio,
780 3672 960 3733 edocerent.

180 3788 252 3850 Jam
272 3785 450 3848 videbimus
470 3781 633 3862 quomodo
658 3779 698 3842 M.
725 3777 844 3839 Tullius
865 3779 950 3857 leges
970 3783 1121 3858 sequatur
1142 3796 1221 3857 quas
1233 3777 1296 3840 sibi

141 3894 345 3975 imposuerat,
375 3908 472 3970 quum
505 3885 747 3949 «nobilissimas
774 3885 931 3948 orationes
957 3882 1041 3946 inter
1064 3901 1097 3946 se
1120 3883 1296 3947 contrarias

139 4003 296 4068 AEschinis
316 4000 598 4079 Demosthenisque
616 4021 630 4058 o
659 3998 691 4059 in
714 3997 847 4058 latinum
868 3996 1061 4058 transferret.
1090 3995 1195 4056 «Non
1218 3986 1296 4056 con-

172 4178 209 4245 (l)
225 4181 263 4226 De
277 4175 341 4242 Off„
355 4173 374 4238 1,
392 4176 415 4226 l.

171 4268 207 4334 (2)
225 4263 287 4323 cic,
303 4257 411 4320 rescat,
424 4260 446 4323 1,
456 4261 481 4308 3.

170 4352 206 4421 (3)
224 4356 305 4409 Tusa,
320 4347 341 4408 l,
359 4353 380 4399 l.
