2790 4770
583 317 785 381 -233-

144 449 222 524 Cio,
243 453 377 530 insoni„
399 456 436 528 V,
459 471 528 532 eap.
547 457 584 516 17
611 473 674 514 :—
690 455 726 514 nt
746 458 794 516 esi
809 452 840 514 i'n
854 450 960 534 aliqua
976 453 1039 515 vita
1054 448 1260 532 praedicabile

93 557 236 639 aliquid,
272 565 326 622 aut
354 562 570 642 gloriandum,
599 567 654 624 ani
681 580 747 640 prae
774 580 806 625 se
834 563 1001 625 ferendum
1033 582 1040 623 :
1066 567 1101 623 ut
1128 559 1257 638 Epami·

93 669 238 744 nundus

228 827 357 886 Consiliis
370 829 474 886 nostris
483 829 544 886 laus
554 838 597 887 est
604 838 713 887 attonsa
725 832 870 887 Laeonum
884 829 928 904 (i).

144 989 222 1067 Cio,
251 991 288 1052 de
305 993 424 1067 Dinia,
441 994 477 1068 11,
496 1010 565 1071 eap.
580 996 620 1055 56
650 1012 657 1053 :
684 995 815 1055 -Nam
839 1011 939 1073 quum
954 1011 1022 1056 sors
1045 993 1097 1055 illa
1109 992 1193 1055 edita
1209 998 1256 1055 esi

96 1097 344 1179 opulentissimo
366 1097 432 1178 regi
446 1097 541 1175 Asiae‚
1122 1087 1124 1091 ’

229 1257 437 1329 CroesnsHaiyn
446 1265 596 1329 penetrans
608 1272 740 1332 magnam
751 1265 890 1330 pervertet
900 1273 984 1330 opum
993 1257 1048 1314 vim
1060 1258 1095 1330 (a)
1109 1275 1116 1313 ε

97 1400 244 1481 hostium
257 1418 321 1481 vim
335 1436 402 1481 sese
417 1427 640 1512 perversurum
650 1420 781 1500 putavit,
803 1420 954 1499 pervertit
968 1426 1074 1482 autem
1093 1435 1194 1481 suam.

144 1526 220 1600 Cio,
234 1527 270 1588 de
283 1525 357 1590 Not.
378 1529 478 1602 Dion,
496 1529 546 1601 111,
562 1531 622 1589 54:
639 1550 708 1586 -u
776 1529 884 1608 Neque
900 1530 985 1590 enim
1001 1528 1169 1591 convenire
1184 1529 1256 1590 bar-

98 1635 215 1697 batum
228 1652 295 1696 esse
310 1634 421 1710 illium,
440 1652 539 1714 quum
554 1635 586 1696 in
602 1634 750 1697 omnibus
764 1636 940 1714 ianispater
955 1633 1092 1716 (Apollo)
1106 1633 1258 1695 imberbis

99 1747 190 1804 esset
204 1741 256 1823 (3).
270 1764 285 1800 n
914 1757 920 1765 ·

99 2044 187 2079 versus
200 2028 244 2079 iste
256 2029 327 2080 datus
340 2039 375 2081 est
388 2029 501 2096 Caligulae
511 2045 518 2081 ε
528 2029 619 2096 quippe
637 2029 680 2095 qui
698 2045 755 2079 eum
771 2029 797 2078 in
815 2044 857 2078 ore
871 2044 967 2094 semper
979 2027 1090 2078 haberet.
1107 2026 1171 2088 Quin
1185 2027 1259 2077 etiam

99 2109 169 2161 Nero
190 2109 275 2176 (suen,
290 2108 393 2171 niven,
409 2128 430 2162 c.
445 2114 488 2178 38)
507 2121 514 2163 :
536 2134 547 2157 ι
559 2110 638 2177 ’Epeo
652 2112 678 2163 δὲ
693 2113 785 2171 ζῶντος
796 2132 809 2157 ν
821 2110 913 2176 inquit,
926 2119 951 2161 et
968 2110 1058 2162 Urbem
1073 2109 1170 2160 incendi
1179 2109 1259 2175 jussit.

112 2195 137 2245 J.
155 2192 185 2244 V.
200 2192 228 2243 L.

102 2196 113 2261 (
137 2280 175 2346 (i)
191 2194 275 2330 cigno
288 2279 330 2330 bie
343 2280 449 2347 primum
463 2280 581 2331 duntaxat
593 2295 689 2330 versum
699 2279 874 2346 interpretatur
886 2301 898 2325 u
910 2280 1112 2347 Ἐπιγράμματος
1130 2279 1256 2347 respueri-

99 2382 160 2431 χσυ,
171 2386 183 2409 v
194 2365 259 2431 quod
272 2381 287 2416 a
301 2363 418 2416 Pausania
432 2365 480 2416 tale
493 2364 594 2432 ponitur
607 2364 632 2413 in
647 2364 759 2416 noeoticis
773 2381 779 2416 ι

329 2475 473 2542 Ἧμετὲραις
487 2475 584 2542 βουλαῖς
597 2475 696 2542 Σπάρτη
711 2474 753 2540 μὲν
767 2475 879 2543 ἐκείρατο
894 2475 983 2532 δόξαν·

311 2584 325 2595 -’
402 2560 523 2632 Μεσσήνη
534 2559 556 2610 δ’
570 2562 624 2625 ἱερὰ
635 2560 711 2610 τέκνα
724 2560 806 2627 χρόνῳ
820 2560 927 2626 δέχεται.

304 2644 389 2704 ,Θήὸη
403 2642 424 2692 δ’
439 2645 547 2695 ὅπλοισιν
562 2643 654 2708 μεγάλη
666 2644 734 2700 πόλις
748 2641 928 2707 ἐστεφάνωται,

403 2728 550 2795 Αὐτόνομος
558 2727 578 2779 δ’
587 2729 670 2786 Ἑλλὰς
680 2729 740 2780 πᾶσ’
755 2728 779 2778 ἐν
792 2728 927 2804 ἐλευθερίη.

138 2848 267 2917 (2)(ὶιιιιιι
279 2849 314 2900 ita
325 2849 428 2916 scriptus
441 2859 477 2900 est
489 2849 531 2900 hic
544 2865 644 2900 versus:

271 2992 284 3016 ιι
293 2972 479 3039 Κραῖσος“Αλνν
492 2972 576 3027 ὃιαὸὰς
590 2971 696 3036 μεγάλην
712 2971 788 3038 ἀρχὴν
803 2971 961 3024 καταλύσει.»

10 3096 13 3101 ’
101 3091 182 3154 Quem
195 3089 304 3157 proiecto
318 3089 463 3153 debuissem,
481 3089 543 3140 sicut
558 3097 587 3141 et'
596 3089 665 3155 alios,
681 3091 746 3141 inter
759 3091 894 3157 superiores
907 3106 989 3140 versus
1006 3105 1105 3157 grecos,
1126 3089 1257 3156 dequibus
1302 3138 1309 3151 ,

102 3177 191 3227 Cicero
208 3192 291 3227 versus
310 3176 397 3228 latinos
415 3177 488 3238 fecii,
509 3192 635 3243 reponere,
650 3177 686 3227 nii
704 3176 772 3227 huno
791 3176 833 3243 qui
853 3177 879 3227 in
894 3175 1049 3227 Divinatione
1064 3176 1152 3242 legitur
1165 3176 1219 3241 (lib.
1236 3175 1256 3240 1,

101 3277 159 3330 cap.
174 3263 224 3329 31).
500 3256 503 3263 ’

402 3370 445 3428 Epo
453 3377 563 3427 providebo
572 3386 615 3419 rem
626 3377 695 3427 istam,
705 3384 726 3419 et
734 3378 785 3419 alba
796 3377 894 3428 virgines.

353 3463 390 3514 cf.
415 3464 486 3529 Ἐμσλ
501 3464 600 3529 μελήσει
615 3470 700 3524 ταῦτα,
716 3465 758 3515 καὶ
771 3466 869 3522 λευκαῖς
880 3465 974 3533 κόραις.

142 3582 250 3648 (Fulvius
265 3582 367 3634 Ursinus
377 3583 473 3634 notavit
486 3599 582 3634 versum
595 3583 664 3634 illum
675 3586 740 3651 apud
755 3585 871 3647 Tzetzen,
887 3583 994 3635 Ciciliad,
1009 3585 1063 3651 xl).
1079 3584 1111 3648 (J.
1123 3583 1153 3635 V.
1168 3581 1207 3647 L.)

140 3667 176 3732 (³)
194 3668 283 3719 Notum
294 3679 331 3721 est
343 3685 446 3735 gracum
461 3685 576 3722 carmen:

377 3814 690 3833 ..........
712 3781 749 3831 Οὔ
764 3799 825 3832 ποτε
839 3782 934 3831 Φοίδου

372 3865 476 3925 θηλείαις
487 3866 538 3916 οὐδ’
552 3867 629 3917 ὅσσον
643 3866 681 3916 ἐπὶ
693 3865 766 3932 χνάος
777 3860 834 3926 ἦλθε
847 3866 967 3933 παρειαῖς.

623 4097 629 4105 ι
