2790 4770
587 343 790 408 ..ι-383..-

457 629 491 681 Ex
500 626 657 682 Ciceronede
671 630 732 679 Not.
746 628 833 690 beon,
843 622 867 686 l,
877 623 916 675 15.

147 822 183 874 ln
194 816 319 875 secundo
339 823 441 874 autem
456 816 523 875 cuit
541 817 664 890 Orphei,
678 818 791 889 Musaei,
814 810 935 872 lleslodi
947 811 1125 880 Homerique
1131 801 1269 877 fabellas

112 907 339 965 accommodare
353 908 396 965 acl
409 923 456 978 eo,
470 922 533 980 que
544 911 607 980 ipse
621 911 723 981 primo
737 906 811 963 libro
824 905 860 962 de
872 905 936 959 Diis
950 896 1168 956 immortalibus
1184 892 1268 949 tire

111 999 174 1055 rit:
190 1004 222 1053 ut
236 996 320 1052 etiam
332 999 487 1053 teterrimi
501 1003 609 1069 poete,
636 997 684 1068 qui
699 996 760 1054 haec
772 1009 808 1051 no
827 992 958 1065 suspicati
973 987 1084 1062 quidem
1099 985 1164 1048 sint,
1181 978 1266 1038 Stoici

111 1083 198 1141 fuisse
212 1084 365 1142 videantur.
390 1088 479 1154 Quem
501 1088 641 1159 Diopenes
654 1085 832 1156 Babylonius
850 1092 1023 1153 consequens
1036 1080 1068 1132 io
1080 1090 1113 1129 eo
1127 1072 1202 1129 libro
1218 1070 1269 1142 qui

112 1170 289 1229 inscribitur
303 1174 338 1230 de
351 1177 497 1238 Minerva,
515 1178 637 1246 portum
657 1176 750 1244 iouia,
764 1179 913 1244 ortumque
923 1168 1050 1241 olrplnir
1067 1162 1109 1220 od
1122 1157 1269 1234 physiolo-

112 1264 197 1332 piam
211 1260 370 1330 traducens,
381 1262 529 1336 dlsjumplt
541 1262 693 1334 asabulo.

155 1644 194 1705 Ui
209 1650 345 1717 ceteros,
376 1661 458 1723 quos
487 1649 559 1707 anie
587 1645 751 1724 proposui,
782 1646 966 1705 Graecorum
988 1640 1094 1716 locos,
1120 1639 1165 1701 sic
1189 1636 1267 1700 illud

115 1751 328 1829 fragmentum
343 1750 452 1813 Cicero
477 1768 571 1812 onon
587 1751 743 1814 convertit
760 1755 795 1812 ut
823 1749 989 1828 interpres,
1017 1746 1073 1810 sed
1101 1750 1136 1808 ut
1150 1749 1268 1820 orator,

117 1874 174 1918 neo
191 1855 324 1917 verbum
337 1875 396 1935 pro
411 1858 508 1920 verbo
524 1875 653 1921 necesse
667 1858 780 1920 babuit
793 1857 944 1932 reddere;
969 1853 1198 1931 sententiarum
1214 1869 1270 1913 au-

116 1966 182 2024 tem
201 1963 348 2024 ordinem
360 1963 488 2044 vimque
501 1964 671 2027 verborum
686 1964 830 2026 servavit.
843 1975 857 2022 n
877 1962 1024 2034 Quamvis
1039 1961 1139 2022 mulia
1154 1959 1268 2021 eionte

116 2070 227 2131 Graeco
241 2069 392 2144 hauserit,
419 2070 607 2134 admirabile
622 2076 670 2133 est
683 2076 838 2151 quantum
851 2070 885 2131 in
909 2067 1078 2130 scribendo
1097 2067 1142 2146 (ut
1157 2062 1202 2127 ita
1221 2065 1270 2125 di·

117 2175 199 2255 cam)
217 2175 257 2238 sit
271 2176 318 2238 sui
334 2177 415 2257 juris
438 2195 475 2239 ac
490 2176 661 2256 mancipii,
691 2177 981 2256 philosophumque
1005 2178 1132 2253 superet
1153 2172 1272 2265 Epicu·

118 2299 219 2345 reum.
238 2281 296 2344 Hic
314 2283 399 2345 enim
416 2300 464 2345 res
476 2283 584 2364 jejune
599 2284 751 2363 disputat,
771 2267 949 2363 iisdemque
963 2281 1062 2354 novis,
1082 2295 1155 2359 quae
1170 2276 1270 2340 Stoici

118 2391 247 2465 finxere,
261 2390 361 2452 utitur
372 2390 533 2452 vocabulis
548 2409 556 2452 ε
573 2392 722 2471 denique,
738 2409 810 2453 nea
824 2389 1049 2453 distributione
1063 2402 1170 2448 rerum
1184 2386 1272 2447 aber·

119 2499 177 2570 rei,
194 2496 385 2575 eloquentiae
400 2503 587 2560 ornamenta
601 2497 750 2578 negligit;
768 2496 956 2579 quinetiam
980 2494 1067 2558 omni
1082 2510 1158 2556 eura
1171 2496 1268 2564 caret,
1283 2565 1286 2570 ¹

118 2602 199 2663 adeo
220 2608 256 2664 ut
271 2604 460 2684 plerumque
479 2605 604 2667 nullum
618 2605 718 2667 alium
739 2603 869 2667 dicendi
893 2604 1026 2666 modum
1040 2599 1158 2681 prae'ter
1170 2594 1274 2688 infini-

119 2707 218 2769 tivum
233 2714 374 2788 usurpet.
400 2713 478 2773 inde
502 2712 538 2773 fit
564 2716 600 2773 ui
619 2711 674 2773 ille
688 2712 788 2786 locus,
814 2728 878 2791 quo
892 2709 1155 2792 philosophorum
1170 2704 1275 2767 studia

118 2816 202 2877 haud
219 2815 382 2880 immerito
397 2824 576 2899 moventur,
590 2818 746 2899 cujusque
769 2814 991 2881 litteratissimi
1004 2812 1273 2894 exspectationem

119 2923 292 3002 deceperit.
1195 2933 1200 2941 ·

159 3260 299 3320 Tandem
328 3276 425 3338 opere
448 3260 614 3337 coniecto,
644 3259 782 3321 libenter
803 3257 936 3338 gratiam
960 3257 1073 3329 refero,
1101 3254 1275 3335 discipulus

120 3365 203 3426 haud
221 3364 400 3435 immemor.
418 3364 601 3429 doctissimo
617 3365 661 3427 illi
675 3365 840 3446 magistro,
854 3364 970 3427 'AEmib
986 3365 1098 3438 annn,
1121 3362 1176 3443 qui
1189 3376 1273 3424 nunc

121 3475 203 3535 inter
215 3475 349 3551 Europae
364 3474 525 3552 principes
539 3475 573 3535 in
589 3472 764 3554 philologia
789 3474 896 3536 locum
911 3471 1046 3536 obtinet.
1070 3470 1198 3544 Quoties
1220 3470 1275 3531 ille

121 3583 154 3643 in
166 3583 255 3664 lyceo
269 3591 324 3645 aut
337 3584 444 3646 schola
454 3583 595 3646 Normali
610 3585 688 3646 mihi
703 3585 810 3646 lucem
829 3581 1035 3645 consiliorum
1050 3599 1180 3643 suorum
1195 3597 1275 3659 prae-

121 3691 212 3752 tulitl
237 3690 375 3765 Quoties,
401 3690 450 3753 his
468 3691 560 3753 annis
584 3691 748 3771 proximis,
775 3707 875 3771 quum
889 3708 941 3753 me
956 3689 1069 3752 morbo
1084 3686 1274 3767 implicitum

121 3795 202 3857 vires
217 3797 403 3877 animusque
431 3798 471 3860 ad
498 3797 765 3877 perseverandum
792 3796 825 3857 in
850 3813 947 3875 opere
974 3796 1070 3875 longo
1087 3796 1272 3868 delicerent,

121 3903 270 3966 virtutem
285 3903 421 3967 stimulis
437 3903 603 3982 excitavit,
621 3910 733 3983 utpote
755 3904 809 3983 qui
828 3904 946 3966 afflicto
966 3902 1042 3964 mihi
1059 3901 1274 3976 bibliothece,

123 4009 350 4089 doctrinarum,
366 4010 517 4076 anricitiae
533 4010 622 4091 quasi
638 4012 817 4092 perfugium
834 4012 988 4091 aperiret!
