2790 4770
524 350 572 370 -
594 319 658 384 273
681 352 727 367 -

95 458 310 541 Συνειμαρμέναν
337 459 423 539 quod
449 459 586 538 appellat
613 457 814 538 Chrysippus,
830 456 940 519 Cicero
965 460 1115 538 confotum
1134 476 1205 522 ver-

53 575 92 638 tit

97 682 159 744 Cic.
173 684 211 743 de
227 682 361 764 lepidos,
377 681 433 745 lib.
455 684 479 759 I,
495 699 565 762 cap.
583 685 601 745 6
616 701 624 745 :
640 715 680 728 -
698 683 790 743 «Lex
806 685 852 742 est
867 679 947 742 ratio
962 697 1097 757 summa,
1113 680 1206 744 insita

56 790 87 850 in
99 794 223 866 natura,
240 807 312 870 quie
334 789 426 869 jubet
450 807 496 866 ea,
522 808 592 868 quoe
605 789 751 851 iacienda
765 793 848 864 sunt,
863 786 1073 867 prohibetque
1089 793 1212 851 contra·

55 895 112 958 ria.
127 919 142 957 ν
162 895 306 959 -Paulo
321 903 413 975 post:
434 917 448 954 o
466 896 508 958 Ea
521 902 567 959 est
579 896 664 959 enim
683 902 804 958 naturae
825 895 886 971 vis;
905 913 941 958 ea
954 913 1054 973 mens,
1070 897 1214 976 ratioque

57 1005 242 1084 prudentis3
262 1022 298 1065 ea
319 1004 399 1085 juris
426 1012 521 1085 atque
542 1006 666 1086 injuriae
690 1006 808 1086 regula.
822 1026 838 1064 u
854 1040 893 1050 -
910 1005 1018 1068 Cicero
1031 1005 1118 1087 prius
1132 1006 1211 1068 illud

62 1132 76 1170 o
88 1131 154 1193 ανον
160 1111 249 1189 jnlet
262 1129 296 1172 ea
308 1129 372 1190 quae
385 1113 526 1189 faciendo
538 1112 827 1194 sunt‚·proliletque
840 1117 1010 1188 contrariu,
1029 1135 1043 1173 n
1066 1131 1104 1176 ex
1114 1114 1214 1196 Chry-

58 1219 151 1299 sippo
178 1218 413 1298 interpretatur,
439 1218 499 1299 qui.
510 1217 599 1298 Νόμαν
621 1219 786 1294 definiens,
816 1219 899 1281 inter
920 1224 1024 1281 cetera
1042 1220 1087 1282 ait
1109 1238 1116 1281 :
1140 1223 1217 1280 «Δεῖ

58 1317 127 1386 εἶναι
141 1325 334 1400 προστακτικὸν
350 1325 397 1405 μὲν
423 1328 476 1385 τῶν
496 1326 638 1400 ποιητέων,
653 1325 860 1406 ἀπαγορευτικὸν
875 1322 903 1384 δὲ
924 1329 977 1386 τῶν
993 1328 1022 1386 οὗ
1043 1326 1186 1402 ποιητέων.
1198 1350 1213 1388 ν

59 1434 190 1493 -Item
204 1432 266 1494 hoc
277 1432 434 1512 posterius
454 1455 469 1492 α
483 1451 518 1494 cc
538 1435 622 1512 juris
643 1437 733 1512 atquc
751 1435 874 1508 inierim
897 1433 1018 1514 repulu,
1034 1456 1048 1494 ν
1067 1453 1105 1496 ex
1120 1436 1217 1517 Chry-

60 1542 153 1622 sippo
168 1541 328 1618 transfert,
346 1541 401 1621 qui
415 1540 459 1603 ait
472 1541 507 1602 iu
521 1541 633 1603 eadem
645 1538 847 1602 definitione:
862 1544 908 1599 Δεῖ
918 1532 985 1600 εἶναι
997 1539 1095 1602 κανόνα
1109 1542 1219 1602 δικαίων

61 1652 157 1712 τεκαὶ
179 1649 289 1711 ἀδίκων.

99 1756 228 1831 Ibidem
247 1773 316 1832 cap.
335 1759 377 1816 7:
401 1786 442 1801 -
461 1755 553 1816 «Nec
574 1770 648 1816 vero
673 1753 788 1832 ferent,
805 1754 831 1815 si
846 1753 1018 1833 audierint,
1033 1760 1065 1818 te
1080 1755 1222 1834 primum

61 1868 158 1942 caput
173 1863 248 1925 libri
264 1860 377 1943 optimi
390 1862 578 1944 prodidisse,
595 1862 708 1943 inquo
723 1862 859 1941 scripsit,
879 1862 981 1924 «mihil
993 1881 1099 1924 curare
1111 1863 1220 1939 Deum,

60 1975 187 2047 morsui,
207 1972 410 2033 irretierit.»
428 2005 468 2016 -
486 1973 562 2035 Haec
588 1975 661 2033 sunt
673 1988 711 2033 ex
724 1970 806 2031 libro
824 1952 921 2050 quem
946 1971 1103 2050 Epicurus
1121 1971 1222 2054 Κυρίας

61 2075 139 2146 δόξας
159 2074 331 2156 inscripsit.
352 2079 426 2139 Haec
442 2075 527 2138 enim
542 2074 607 2137 illic
629 2075 732 2153 prima
749 2074 904 2136 sententia
918 2079 990 2136 est:
1014 2094 1028 2132 ν
1038 2073 1078 2135 Τὸ
1092 2074 1223 2156 μακάριον

59 2182 106 2242 καὶ
117 2181 248 2266 ἄφθαρτον
259 2182 320 2252 οὔτε
332 2182 397 2243 αὐτὸ
411 2181 558 2266 πράγματα
571 2182 637 2265 ἔχει,
655 2182 713 2243 οὔτε
725 2183 797 2266 ἄλλῳ
807 2183 1001 2266 παρέχει.ν)-
1009 2182 1098 2245 Idem
1111 2183 1222 2248 Cicero

59 2291 121 2354 ista
136 2310 275 2372 quorum
291 2291 344 2355 hic
358 2310 487 2356 sensum
499 2291 724 2355 tantummodo
737 2291 883 2371 exposuit
898 2291 943 2371 (cle
957 2294 1028 2354 Not.
1046 2294 1151 2369 Deum,
1170 2294 1220 2354 tt.

58 2416 86 2461 a.
101 2398 188 2462 unit.
202 2399 300 2481 nid),
312 2400 352 2461 ad
367 2401 498 2462 verbum
511 2400 556 2462 ita
566 2398 708 2461 reddidit
723 2415 732 2460 ε
751 2420 766 2457 u
780 2400 863 2478 quod
877 2400 992 2462 lectiam
1008 2407 1038 2461 et
1048 2400 1219 2463 immortale

57 2512 112 2581 cst,
134 2506 168 2566 id
180 2524 234 2568 mec
245 2506 334 2569 habet
347 2525 400 2569 nec
412 2505 535 2568 exhibet
546 2508 687 2586 cuiquam
701 2511 864 2583 nepotimm.
879 2527 893 2563 ν

99 2612 191 2689 Idem
208 2630 279 2692 cap.
295 2616 330 2675 ti
362 2630 372 2675 ι
395 2645 437 2660 -
460 2633 475 2671 o
493 2616 573 2675 Nam
586 2619 616 2675 et
639 2611 797 2693 voluptate
813 2611 983 2693 capiuntur
1004 2629 1216 2694 omnes3quae

58 2719 117 2782 etsi
129 2720 299 2782 illecebram
320 2720 533 2800 turpitudinis,
545 2725 653 2782 tamen
665 2719 763 2781 habet
777 2719 931 2799 quiddam
945 2720 1048 2782 simile
1063 2721 1215 2785 naturalis

56 2825 173 2889 boni.»
186 2828 275 2889 Plato
291 2826 324 2888 in
335 2825 456 2888 Timaeo
467 2823 582 2898 Ἡδονήν
597 2825 737 2906 appellat
750 2826 850 2909 Δέλεαρ
864 2829 965 2888 κακῶν.
977 2827 1025 2888 Ad
1036 2826 1106 2889 haec
1118 2827 1214 2890 verba
1324 2903 1327 2906 ¹

57 2928 189 3011 respicit
205 2932 259 2994 hic
284 2933 392 2995 Cicero
407 2935 507 3016 Δέλεαρ
526 2933 737 3012 interpretans
764 2934 954 3011 illecebram·
967 2952 1068 3014 quum
1082 2934 1116 2995 in
1129 2935 1213 3000 libro

57 3042 97 3103 de
122 3042 293 3128 Senectute
308 3044 436 3134 verterit
453 3062 571 3119 esrom,·
588 3043 643 3105 uhi
658 3043 702 3105 ait
724 3062 731 3105 :
753 3063 768 3102 u
785 3043 941 3105 Divinitus
955 3042 1041 3106 enirn
1057 3044 1147 3107 Plato
1168 3064 1212 3107 es-

57 3167 124 3213 eom
138 3151 299 3228 malorum,
314 3154 496 3229 voluptutem
509 3145 657 3232 appellat.
669 3173 684 3212 ν

96 3259 142 3320 De
163 3260 249 3339 Lep..
272 3258 327 3321 lib.
348 3260 384 3336 ll,
411 3276 481 3338 cap.
504 3262 566 3320 26:
586 3278 623 3305 -·
644 3259 707 3322 «si
726 3259 798 3340 quis
809 3249 941 3323 bustum
954 3263 1010 3322 aut
1024 3277 1212 3325 monumen·

56 3372 138 3444 tum,
165 3365 270 3445 inquit
295 3367 401 3438 Solon,
430 3371 486 3427 aut
506 3366 676 3427 columnam
696 3366 832 3442 violarit,
854 3366 1017 3446 dejecerit,
1036 3367 1204 3447 fregerit.»

57 3504 97 3519 -
122 3473 221 3534 Paulo
237 3478 312 3552 post
341 3492 348 3535 :
368 3474 479 3534 «Nam
504 3490 598 3552 super
612 3478 705 3534 terrae
719 3472 881 3535 tumulum
897 3473 1002 3535 noluit
1018 3473 1096 3552 quid
1114 3472 1209 3538 statui

63 3577 126 3640 nisi
139 3578 339 3657 columellam,
351 3578 453 3641 tribus
468 3579 583 3641 cubitis
597 3597 637 3642 ne
646 3579 827 3642 altiorem...
840 3601 854 3639 ν
865 3612 903 3625 -
912 3579 1022 3644 Cicero
1037 3579 1146 3656 Σαήλην
1160 3599 1212 3644 σοι

66 3689 210 3763 lumnam,
227 3686 346 3760 Στηλίδα
357 3685 548 3748 columellam
561 3684 615 3748 hic
629 3685 855 3765 interpretatus
868 3691 926 3749 est.
