2790 4770
648 341 692 353 -
716 307 781 370 226
804 341 848 355 —

208 445 278 507 Lib.
308 446 360 519 ΙΙΙ,
385 446 434 506 lt.
460 477 501 490 -
519 467 534 503 ο
602 447 682 507 Sunt
698 443 783 507 enim
807 464 930 524 omnes,
955 448 1010 528 qui
1028 447 1062 509 in
1075 450 1232 528 populum
1256 451 1326 514 vita

168 543 319 622 necisque
330 546 518 621 potestatem
529 541 658 618 hahent,
674 542 798 623 tyranni
814 542 867 624 (l).
882 565 898 601 ν

208 648 276 711 Lib.
290 650 342 724 ΙΙΙ,
358 651 407 710 Ιθ.
423 682 462 695 -
478 670 492 705 ιι
507 648 676 709 Carneadis
687 665 813 711 summa
826 649 1050 729 disputationis
1064 651 1135 715 haec
1147 654 1209 716 luit
1225 674 1235 716 z
1253 656 1327 717 Jura

168 757 228 820 sibi
240 756 385 819 homines
400 774 458 836 pro
474 755 610 818 utilitate
625 755 764 819 sanxisse
783 755 834 839 (θ).
850 779 866 815 ι)

207 868 287 929 Ibid.
302 899 342 914 -
368 886 382 922 a
453 862 589 927 Proinde
609 871 663 926 aut
680 867 802 927 nullam
817 882 884 928 esse
901 865 1079 946 justitiam;
1095 875 1161 948 aut,
1176 870 1202 931 si
1215 872 1258 934 sit
1269 872 1327 934 ali·

167 992 240 1054 qua,
255 989 413 1034 summam
433 987 501 1033 esse
515 969 695 1046 stultitiam,
712 972 863 1050 quoniam
877 972 937 1034 sibi
953 981 1083 1039 noceret
1099 975 1212 1039 alienis
1238 996 1328 1041 com·

168 1080 272 1142 modis
286 1081 454 1142 consulens
469 1076 523 1158 (3).
538 1098 553 1134 ν

207 1187 276 1250 Lib.
294 1188 344 1262 ΙΙΙ,
360 1189 408 1248 16.
429 1206 496 1244 ν...
512 1184 615 1254 Quum
636 1182 676 1244 de
691 1183 757 1246 viro
779 1185 865 1248 bono
888 1187 1052 1266 quaeritur,
1076 1208 1173 1269 quem
1193 1200 1329 1272 opertum

166 1302 199 1359 et
212 1295 375 1373 simplicem
386 1291 432 1372 (Ι)
447 1289 593 1351 volumus
613 1285 698 1351 esse(
708 1312 722 1348 ι)

204 1410 273 1474 Lib.
291 1413 343 1486 ΙΙΙ,
360 1415 410 1472 ΙΙ.
431 1431 492 1469 -ιι
573 1413 680 1473 Bonus
695 1407 749 1472 ille
764 1409 811 1472 vir
834 1416 974 1490 vexetur,
992 1413 1144 1493 rapiatur,
1163 1431 1277 1476 manus
1299 1416 1328 1477 ei

165 1519 302 1598 denique
316 1519 510 1595 auferantur,
528 1519 719 1581 effodiantur
738 1518 832 1594 oculi,
852 1520 1033 1596 damnetur,
1058 1519 1230 1597 vinciatur,
1258 1541 1329 1583 ura·

161 1631 227 1702 tur,
243 1623 481 1698 exterminetur,
506 1629 607 1703 egeat,
630 1628 792 1703 postremo
817 1623 888 1703 jure
905 1625 1001 1687 etiam
1028 1626 1153 1705 optimo
1176 1604 1328 1689 omnibus

164 1725 360 1790 miserrimus
375 1746 443 1789 esse
458 1728 602 1792 videatur
619 1729 673 1811 (5).
688 1751 703 1787 ι)

202 1837 270 1901 Lib.
285 1841 335 1916 ΙΙΙ,
351 1842 400 1900 34.
416 1873 458 1887 -
473 1862 488 1899 a
556 1841 617 1902 Sed
632 1844 740 1911 tamen
756 1840 803 1915 vel
815 1831 948 1921 regnum
961 1843 1058 1918 malo,
1075 1860 1172 1922 quam
1186 1843 1328 1906 liberum

161 1952 332 2032 populum3
346 1939 349 1942 ’
364 1949 395 2013 id
419 1951 504 2014 enim
525 1950 584 2014 tibi
614 1958 711 2014 restat
738 1934 836 2032 genus
864 1951 1075 2015 vitiosissimas
1105 1953 1328 2043 Reipublicae

163 2059 293 2123 tertium
307 2060 360 2141 (6).
376 2080 392 2118 u
766 2052 768 2056 '

201 2174 245 2240 De
265 2171 353 2248 Καρ,
370 2168 426 2230 lib.
452 2169 503 2242 ΙΙΙ,
529 2170 578 2229 36.
603 2200 644 2214 -
659 2187 673 2225 u
693 2163 859 2231 Phoenices
873 2169 969 2248 primi
995 2168 1181 2232 mercaturis
1195 2176 1230 2234 et
1245 2189 1329 2234 mer·

115 2336 121 2345 ,
161 2273 252 2337 cibus
280 2273 346 2335 suis
370 2272 534 2336 avaritiam
563 2278 594 2334 et
615 2271 884 2353 magnificentiam
906 2280 938 2336 et
963 2272 1172 2353 inexplebiles
1196 2275 1329 2356 cupidi-

161 2377 399 2442 tatesomnium
411 2396 518 2441 rerum
528 2385 773 2458 exportaverunt
789 2381 822 2441 iu
836 2381 992 2443 Graeciam
1007 2379 1060 2460 (Ι).
1084 2400 1099 2437 ι)
1118 2379 1214 2460 (Non.
1239 2400 1265 2442 s.
1293 2400 1324 2444 ν.

161 2489 271 2570 mere.)

202 2600 269 2662 Lib.
295 2600 345 2672 Ill,
370 2599 419 2659 37.
433 2628 472 2642 -
504 2616 519 2654 ν
587 2588 779 2674 Falsumque
808 2613 887 2671 esse,
906 2598 991 2685 quod
1014 2614 1032 2657 a
1051 2595 1249 2676 quibusdam
1263 2615 1329 2660 non

163 2900 244 2958 civit„
255 2898 282 2948 l:
298 2897 332 2950 ”H
345 2896 377 2957 oti
389 2894 454 2944 κατὰ
469 2891 573 2958 σμικρὸν
590 2890 718 2957 τάλλότρια
731 2891 773 2940 καὶ
786 2891 863 2959 λάθρα
875 2891 917 2940 καὶ
930 2892 972 2958 βία
982 2891 1121 2958 ἀφαιρεῖται
1136 2890 1178 2941 uni
1192 2892 1266 2958 ἱερὰ
1286 2892 1331 2942 καὶ

164 2989 202 3036 θσ
213 3003 241 3034 ια
259 2983 301 3033 καὶ
315 2979 383 3030 ἴδια
401 2978 443 3029 ναὶ
460 2976 602 3043 δημόσια,
620 2975 680 3026 ἀλλὰ
695 2976 830 3035 συλλήθδην
839 3011 845 3023 .
854 3013 861 3027 .
871 3010 896 3025 ..
914 2975 962 3026 vid.
975 2975 1055 3026 Plaut.
1068 2976 1197 3024 Trinumm.
1214 2975 1248 3036 ll,
1260 2980 1285 3037 θ,
1298 2978 1329 3027 lo

164 3086 217 3136 sqq,
231 3090 243 3113 a
253 3066 371 3122 Turbam,
383 3063 485 3111 miscent
504 3076 591 3121 mores,
607 3060 692 3118 malus,
716 3075 800 3125 rapax,
817 3073 912 3126 avarus,
928 3057 1039 3120 invidus3
1060 3074 1163 3117 sacrum,
1179 3058 1329 3127 profanum,

162 3152 294 3225 publicum,
307 3151 424 3218 privatum
438 3144 538 3195 habeut.
555 3165 566 3187 ν

199 3240 235 3303 (1)
255 3237 292 3285 ¹¹³
305 3230 371 3299 quid·
383 3249 420 3297 ξιΡ·
433 3231 506 3288 Plau
520 3229 582 3288 Clio
594 3227 614 3279 ῙΙ
626 3245 632 3278 2
646 3230 676 3278 Ὁ
688 3229 787 3295 πρῶτος
801 3229 835 3284 εἷς
846 3227 947 3292 δύναμιν
963 3229 1047 3291 ἐλθὼν,
1056 3230 1156 3295 πρῶτος
1167 3229 1259 3280 ἀδικεῖ,

198 3324 233 3390 (2)
252 3319 375 3382 (1Ι.ΡΙαΙ.,
392 3315 455 3374 etv„
473 3313 482 3363 Ι
499 3329 506 3364 :
527 3315 626 3364 Τίθεται
647 3314 673 3363 δέ
692 3330 721 3377 γε
735 3308 792 3370 τούς
806 3313 899 3377 νόμους
917 3314 1010 3373 ἑκάστη
1030 3315 1046 3373 ἡ
1063 3313 1125 3380 ἀρχὴ
1140 3314 1204 3380 πρὸς
1218 3315 1249 3365 τὸ
1263 3315 1329 3382 αὐτῇ
1365 3371 1368 3375 7
1388 3362 1393 3367 ,

167 3412 298 3475 λύμρτρον.

202 3495 238 3559 (θ)
256 3490 295 3541 cl.
310 3489 384 3545 plat,
401 3485 461 3542 ein,
475 3482 503 3543 l;
523 3481 566 3531 ubi
581 3480 774 3548 Thrasymachus
787 3480 895 3548 sophista
912 3481 1006 3531 Socrati
1020 3478 1211 3548 interrogautifi
1232 3486 1276 3544 τὴν
1297 3485 1332 3534 ὃς.

167 3576 301 3634 καιοσύνην
314 3572 420 3632 κακίαν,
433 3566 547 3633 reponit:
560 3563 615 3625 οὖν,
631 3566 690 3616 ἀλλὰ
700 3564 764 3615 πάνυ
778 3566 888 3630 γενναίαν
903 3566 1021 3626 εὐήθειαν.
1031 3593 1062 3603 -
1073 3565 1111 3616 uf.
1126 3565 1201 3616 etiam
1213 3566 1330 3635 Thumi,

168 3663 211 3723 ΙΙΙ,
226 3668 256 3713 82
268 3678 274 3712 :
284 3658 357 3726 Ῥᾷον
368 3655 387 3706 δ’
403 3656 425 3705 οἱ
436 3652 530 3711 πολλοὶ,
543 3656 680 3717 κακοῦργοι
691 3648 768 3712 ὄντες,
783 3651 856 3707 δεξιον
870 3651 1011 3710 κέκληνται,
1025 3648 1042 3712 ή
1054 3651 1156 3715 ἁμαθτῐς
1167 3651 1266 3715 ἀγαθοί,

200 3748 237 3814 (Ι)
258 3745 348 3809 ’Ἄνδρα
361 3738 452 3792 ἁπλοῦν
466 3738 508 3788 καὶ
522 3737 643 3802 γενναῖον,
657 3744 685 3784 ut
696 3734 804 3800 loquitur
816 3735 897 3795 Plato,
914 3735 993 3794 cteta,
1009 3735 1041 3785 ll.

201 3834 237 3899 (5)
255 3829 293 3881 Cf.
308 3827 382 3886 Flet,
399 3824 480 3883 Civib,
493 3821 515 3872 ll
527 3841 532 3870 :
546 3821 748 3884 Μαστιγὼσεται,
765 3821 954 3887 στρεθλώσεται,
969 3822 1080 3881 θήσεται,
1094 3821 1278 3881 ἐκκαυθήσεται
1294 3824 1331 3873 τὼ

169 3916 302 3985 behaloth·
316 3911 446 3975 τελευτῶν,
460 3908 541 3959 πάντα
554 3906 621 3956 κακὰ
634 3906 717 3955 παθὼν
732 3905 1039 3970 ἀνασχινδυλευθήσεται...

199 4008 235 4072 (θ)
253 4001 364 4055 Liberius
374 3997 461 4064 Populi
468 3993 605 4045 dominium
621 4007 695 4057 graece
707 3990 814 4041 dicitur:
835 3992 1011 4057 Ὀχλονρατία,
1025 3992 1076 4042 vid.
1086 3991 1172 4058 Polyb.
1184 3992 1227 4056 Vl,
1241 3997 1265 4053 7,
1277 3995 1308 4044 57
1323 4009 1330 4042 ;

166 4093 222 4142 Τῶν
237 4089 280 4154 μὲν
294 4084 424 4150 ὀνομάτων
439 4082 467 4130 τὸ
481 4079 610 4128 κάλλιστον
625 4079 641 4135 ή
655 4075 765 4125 πολιτεία
776 4076 951 4140 μεταλήψεται,
968 4077 1011 4135 τήν
1032 4075 1168 4142 ἐλευθερίαν
1186 4077 1231 4126 καὶ
1250 4078 1330 4141 δημοε

167 4176 284 4244 αρατίαν·
300 4171 349 4219 τῶν
366 4168 392 4216 δὲ
406 4163 556 4233 πραγμάτων
571 4162 599 4210 τὸ
613 4162 746 4233 χείριστον,
759 4162 802 4220 τήν
818 4162 990 4228 ὀχλοκρατίαι),

201 4263 235 4328 (Ι)
254 4254 334 4307 Verba
344 4250 452 4302 Platonis
464 4257 520 4298 sunt
534 4244 585 4296 haec
601 4262 607 4296 :
629 4247 664 4294 ’Ἦ
675 4246 702 4294 τὸ
719 4246 901 4312 φιλοχρήματον
918 4241 931 4294 θ
945 4245 1001 4312 περὶ
1013 4244 1072 4302 τούς
1084 4261 1115 4311 τε
1129 4245 1253 4303 Φοίνικας
1265 4239 1329 4295 εἶναι

168 4347 210 4398 ναὶ
227 4345 286 4401 τοὺς
299 4336 353 4392 κατ’
366 4335 492 4401 Δίγυιττον
504 4333 562 4398 φαίη
576 4349 611 4388 τις
622 4328 651 4382 ἂν
667 4330 714 4395 οὐχ
724 4330 822 4389 ἥκιστα.
