2790 4770
568 327 769 392 -285-

129 471 161 529 3·
181 466 273 528 Verba
288 466 450 527 translata.
465 499 502 511 -
516 466 556 528 Ut
570 464 634 541 illa,
649 466 795 546 quaejam
807 463 1070 539 enumeravimus,
1088 464 1134 526 sio
1149 464 1244 526 verba
1327 525 1330 533 ,

91 573 252 649 translata,
281 572 382 633 hocce
408 569 440 630 in
466 570 537 632 loeo
561 569 672 632 ordine
697 571 851 650 disposita
880 569 935 649 (l),
962 570 1119 631 lectorem
1149 571 1244 633 docet

92 680 225 742 Lexieon
236 678 502 759 graeoolatinum.
512 658 613 749 Ouum
621 678 766 757 prolecto
776 677 938 751 voeabula,
953 676 1082 738 aliunde
1103 682 1241 756 sumpta,

90 805 162 867 quae
175 788 293 850 Tullius
309 789 342 850 in
353 807 534 852 sermonem
549 791 762 870 Philosophiae
779 792 884 853 aliisve
899 789 1020 853 artibus
1036 809 1072 853 ae
1088 789 1243 854 doctrinis

90 896 367 958 accommodatum
382 898 553 974 transtulit,
572 899 680 959 omnia
695 916 802 959 rursus
817 899 958 976 prolerre
973 916 1242 976 supervacaneum

91 1013 183 1082 osset,
196 1007 358 1086 praecipua
368 1012 492 1068 tantum
506 1025 543 1069 ex
553 1007 590 1068 iis
605 1008 658 1069 hio
672 1008 787 1070 iterum
800 1007 923 1087 scripsi,
936 1006 1015 1069 nihil
1026 1008 1112 1069 aliud
1124 1007 1244 1088 quippe

91 1113 122 1174 in
139 1114 245 1176 animo
265 1113 385 1176 habens
400 1132 496 1194 quarn
515 1121 548 1177 ut
565 1113 793 1194 intelligeretur
808 1120 962 1194 quantum
978 1115 1086 1177 Cicero
1104 1116 1168 1176 suis
1186 1119 1243 1177 La-

93 1219 164 1284 tinae
179 1219 416 1302 linguaeeopias
431 1228 463 1284 et
479 1239 554 1300 opes
570 1221 692 1284 auxerit
706 1222 1039 1301 interpretationibus.

596 1464 626 1508 In
646 1460 743 1510 Timaeo.

91 1652 311 1726 Adsensiones,
325 1654 364 1714 ol.
382 1653 500 1718 Πίστεις.
686 1651 868 1723 Consilium,
880 1652 918 1714 ol.
937 1652 1074 1724 Βούλησις.

92 1761 233 1835 Aetium,
246 1761 283 1822 ef.
299 1758 474 1841 ’elepouripoui
685 1757 862 1835 ContenliO,
880 1759 921 1822 cf.
935 1757 1070 1841 Ἁρμονίη.
1123 1746 1126 1751 ¹

92 1868 226 1930 Affectio
239 1866 347 1944 animi,
366 1870 405 1930 ol.
424 1857 501 1934 dito<
516 1865 601 1934 ἕξεως.
686 1865 862 1939 Conversio,
878 1868 916 1929 ol.
932 1867 1069 1948 Περίοδος.

92 1975 248 2050 Altitudo,
262 1976 301 2038 of.
316 1975 424 2058 Ὕψοςζ
687 1975 891 2053 Corporeum,
912 1976 951 2037 of.
968 1976 1091 2059 Στερεόν.

92 2084 202 2158 Amor,
216 2083 254 2145 os.
269 2079 375 2164 Ἔρως.Ι
687 2082 818 2162 Corpus,
842 2085 883 2144 ol.
901 2086 996 2164 Σῶμα.

93 2188 218 2268 Anima,
234 2191 272 2252 cs.
290 2193 412 2268 Πνεῦμα.
687 2191 810 2266 ΟυΓεῑιε,
822 2191 862 2254 cf.
879 2192 968 2271 Τάχη.

97 2295 218 2361 Animal
233 2295 372 2377 (toturn),
387 2298 425 2360 el.
448 2296 488 2358 Τὸ
503 2296 562 2357 ὅλον
579 2299 654 2364 ζῶον.
687 2299 780 2376 Deus,
795 2300 836 2360 ol.
849 2297 928 2368 Θεός.

93 2405 290 2487 Animantes,
306 2407 346 2469 ol.
369 2408 444 2467 Ζῶα.
687 2403 924 2478 Dissimilitudo,
937 2407 975 2468 ol.
995 2404 1139 2485 Ἀνόμοιον.

94 2512 236 2588 Animus,
252 2515 290 2576 cl.
306 2512 403 2592 Ψυχή.
687 2512 832 2574 Divinum
850 2518 943 2592 atque
956 2515 1082 2592 celeste,
1095 2518 1134 2578 ol.
1151 2515 1247 2598 Olpai-

94 2621 225 2697 Artifex,
242 2622 279 2684 cf.
295 2620 469 2707 daptooppo'e.
728 2643 781 2680 νιον
798 2623 862 2679 θεῶν
877 2619 961 2699 γένος.

94 2727 179 2803 Axis,
194 2730 233 2792 el.
247 2729 343 2796 lloloc.
689 2727 828 2800 Errores,
847 2727 886 2788 el.
903 2726 1019 2786 Πλάναι.

95 2837 204 2915 Caput,
218 2838 257 2899 of.
272 2834 394 2919 Κεφαλή.
656 2839 868 2918 ··.Exemplar,
888 2839 1080 2917 exemplum,
1097 2840 1137 2902 el.
1157 2841 1253 2923 Παρά-

96 2944 204 3021 Causa‚
220 2947 259 3007 cf.
280 2943 382 3006 Αἴτιον.
730 2947 837 3026 duppe.

94 3050 286 3129 Celeritates,
302 3052 340 3114 of.
353 3049 452 3132 Τάχος.
689 3055 885 3129 Extremum,
902 3053 941 3115 of.
959 3052 1000 3113 Τὸ
1013 3054 1133 3136 ἔσχατον.

96 3159 215 3221 Coelum
235 3160 298 3222 sive
313 3160 460 3234 munduS,
484 3159 522 3221 ol.
535 3157 657 3240 Οὐρανὸς
690 3160 793 3232 Fides,
808 3162 845 3221 ol.
864 3161 969 3230 Πίστις.

138 3266 317 3346 νθΙαΚόσμος.
692 3267 816 3345 Figura,
831 3267 872 3327 ol.
889 3263 1001 3347 Ὀγκος.

98 3377 298 3448 communio,
315 3378 355 3440 cf.
377 3375 518 3436 Κοινωνία.
691 3371 866 3443 Flexione8‚
882 3373 923 3434 cf.
941 3372 1059 3452 Xopeiott.

98 3485 287 3548 concretum
297 3490 328 3548 et
338 3501 536 3563 corporeum,
548 3462 585 3547 ol.
597 3487 661 3545 Σω-
692 3482 817 3554 Forma,
833 3479 871 3540 os.
888 3481 1000 3558 Σχῆμα.
1086 3511 1097 3549 ψ,

140 3592 287 3671 paueat,
693 3591 800 3661 Fraus,
815 3590 855 3651 cl.
875 3590 975 3651 Κακία.

101 3702 339 3771 Concursiones‚
356 3701 394 3764 ol.
411 3697 579 3782 trepton.
696 3699 809 3771 Genus,
824 3698 863 3759 ol.
880 3695 1004 3780 Δύναμις.

136 4002 173 4070 (l)
185 4002 221 4052 Ex
230 4000 286 4060 illia,
302 4016 355 4067 que
366 3999 428 4065 leges
439 3997 511 4060 infra,
519 3995 642 4047 vocubulis
655 3995 732 4045 multa
743 4003 809 4057 sunt,
824 3995 910 4057 fateor,
925 3997 1078 4064 perantiqua,
1092 4013 1196 4064 quorum
1208 3998 1258 4049 vim

103 4088 227 4157 propriam
245 4103 295 4137 non
308 4084 409 4136 mutarit
423 4084 550 4150 interpres.
567 4082 634 4133 luter
647 4097 676 4132 eu
689 4091 754 4131 certe
768 4101 780 4126 «ι
793 4079 830 4129 ira
840 4106 863 4142 η,
873 4102 886 4126 «
896 4091 970 4130 metus
981 4103 1004 4147 a,
1018 4102 1031 4128 e
1041 4080 1125 4133 laetitia
1136 4104 1147 4126 ι
1163 4083 1259 4151 aliaque

104 4173 209 4242 plurime
222 4178 391 4222 numerantur.
406 4168 438 4219 dt
451 4167 535 4219 eadem
552 4167 644 4234 primus
658 4166 685 4214 in
700 4165 741 4215 illa
755 4174 824 4232 parte
838 4165 1012 4232 philosophie,
1033 4181 1087 4232 quae
1103 4165 1209 4231 pertinet
1227 4167 1259 4218 ad

104 4273 191 4318 mores,
207 4255 333 4323 usurpavit
344 4254 445 4306 Cicero:
457 4251 615 4319 quemobrem
626 4265 683 4301 vere
696 4249 768 4316 digna
784 4249 845 4300 mihi
860 4249 982 4312 videntur,
999 4258 1027 4300 ut
1039 4265 1111 4310 eum,
1131 4265 1205 4316 quem
1218 4269 1259 4304 ce·

106 4350 168 4405 ten,
183 4342 265 4394 locum
278 4339 413 4392 obtineant.
