<?xml version="1.0" encoding="UTF-8"?>
<!DOCTYPE html PUBLIC "-//W3C//DTD XHTML 1.0 Transitional//EN"
    "http://www.w3.org/TR/xhtml1/DTD/xhtml1-transitional.dtd">
<html xmlns="http://www.w3.org/1999/xhtml" xml:lang="en" lang="en">
 <head>
  <title>
</title>
<meta http-equiv="Content-Type" content="text/html;charset=utf-8" />
  <meta name='ocr-system' content='tesseract 3.04.00' />
  <meta name='ocr-capabilities' content='ocr_page ocr_carea ocr_par ocr_line ocrx_word'/>
</head>
<body>
  <div class='ocr_page' id='page_1' title='image "./demtciceronegrc00clavgoog_0260.png"; bbox 0 0 2790 4770; ppageno 0'>
   <div class='ocr_carea' id='block_1_1' title="bbox 521 303 761 367">
    <p class='ocr_par' dir='ltr' id='par_1_1' title="bbox 521 303 761 367">
     <span class='ocr_line' id='line_1_1' title="bbox 521 303 761 367; baseline -0.008 0"><span class='ocrx_word' id='word_1_1' title='bbox 521 303 761 367; x_wconf 72' lang='lat'>--239-</span> 
     </span>
    </p>
   </div>
   <div class='ocr_carea' id='block_1_2' title="bbox 78 436 1333 2345">
    <p class='ocr_par' dir='ltr' id='par_1_2' title="bbox 79 436 1256 733">
     <span class='ocr_line' id='line_1_2' title="bbox 122 436 1234 520; baseline -0.005 -18"><span class='ocrx_word' id='word_1_2' title='bbox 122 442 196 519; x_wconf 85' lang='lat' dir='ltr'>Cap.</span> <span class='ocrx_word' id='word_1_3' title='bbox 211 440 251 501; x_wconf 70' lang='lat'>20</span> <span class='ocrx_word' id='word_1_4' title='bbox 271 458 345 499; x_wconf 91' lang='lat'>:--</span> <span class='ocrx_word' id='word_1_5' title='bbox 359 436 520 517; x_wconf 82' lang='lat' dir='ltr'>Quidquid</span> <span class='ocrx_word' id='word_1_6' title='bbox 544 440 629 501; x_wconf 85' lang='lat' dir='ltr'>enim</span> <span class='ocrx_word' id='word_1_7' title='bbox 653 447 711 517; x_wconf 88' lang='lat' dir='ltr'>cst,</span> <span class='ocrx_word' id='word_1_8' title='bbox 727 439 813 520; x_wconf 92' lang='lat' dir='ltr'>quod</span> <span class='ocrx_word' id='word_1_9' title='bbox 839 439 896 500; x_wconf 92' lang='lat' dir='ltr'>sub</span> <span class='ocrx_word' id='word_1_10' title='bbox 912 437 1037 500; x_wconf 88' lang='lat' dir='ltr'>aurium</span> <span class='ocrx_word' id='word_1_11' title='bbox 1053 453 1234 498; x_wconf 89' lang='lat' dir='ltr'>mensuram</span> 
     </span>
     <span class='ocr_line' id='line_1_3' title="bbox 80 542 1256 625; baseline 0 -19"><span class='ocrx_word' id='word_1_12' title='bbox 80 544 220 625; x_wconf 85' lang='lat' dir='ltr'>aliquam</span> <span class='ocrx_word' id='word_1_13' title='bbox 234 545 330 622; x_wconf 90' lang='lat' dir='ltr'>cadit,</span> <span class='ocrx_word' id='word_1_14' title='bbox 353 545 475 608; x_wconf 91' lang='lat' dir='ltr'>etiamsi</span> <span class='ocrx_word' id='word_1_15' title='bbox 488 546 578 609; x_wconf 88' lang='lat' dir='ltr'>abest</span> <span class='ocrx_word' id='word_1_16' title='bbox 592 565 609 607; x_wconf 90' lang='lat' dir='ltr'>a</span> <span class='ocrx_word' id='word_1_17' title='bbox 621 565 712 608; x_wconf 89' lang='lat' dir='ltr'>versu</span> <span class='ocrx_word' id='word_1_18' title='bbox 724 549 809 624; x_wconf 84' lang='lat' dir='ltr'>(nam</span> <span class='ocrx_word' id='word_1_19' title='bbox 836 544 868 606; x_wconf 94' lang='lat' dir='ltr'>id</span> <span class='ocrx_word' id='word_1_20' title='bbox 879 543 1010 623; x_wconf 92' lang='lat' dir='ltr'>quidem</span> <span class='ocrx_word' id='word_1_21' title='bbox 1025 542 1176 606; x_wconf 88' lang='lat' dir='ltr'>orationis</span> <span class='ocrx_word' id='word_1_22' title='bbox 1188 549 1237 606; x_wconf 89' lang='lat' dir='ltr'>est</span> <span class='ocrx_word' id='word_1_23' title='bbox 1251 546 1256 557; x_wconf 92' lang='lat'>&#39;</span> 
     </span>
     <span class='ocr_line' id='line_1_4' title="bbox 79 650 1063 733; baseline 0.002 -21"><span class='ocrx_word' id='word_1_24' title='bbox 79 651 217 728; x_wconf 81' lang='lat' dir='ltr'>vitium),</span> <span class='ocrx_word' id='word_1_25' title='bbox 233 671 374 714; x_wconf 86' lang='lat' dir='ltr'>nunserus</span> <span class='ocrx_word' id='word_1_26' title='bbox 386 659 526 730; x_wconf 90' lang='lat' dir='ltr'>vocatur,</span> <span class='ocrx_word' id='word_1_27' title='bbox 545 654 599 733; x_wconf 92' lang='lat' dir='ltr'>qui</span> <span class='ocrx_word' id='word_1_28' title='bbox 619 656 727 716; x_wconf 77' lang='lat' dir='ltr'>Graece</span> <span class='ocrx_word' id='word_1_29' title='bbox 746 653 913 731; x_wconf 75' lang='grc' dir='ltr'>«Ῥυθμὸς»</span> <span class='ocrx_word' id='word_1_30' title='bbox 936 650 1063 715; x_wconf 90' lang='lat' dir='ltr'>dicitur.</span> 
     </span>
    </p>

    <p class='ocr_par' dir='ltr' id='par_1_3' title="bbox 78 758 1238 1036">
     <span class='ocr_line' id='line_1_5' title="bbox 122 758 1238 842; baseline -0.001 -20"><span class='ocrx_word' id='word_1_31' title='bbox 122 763 196 842; x_wconf 82' lang='lat' dir='ltr'>Gap.</span> <span class='ocrx_word' id='word_1_32' title='bbox 213 766 246 823; x_wconf 69' lang='lat' dir='ltr'>fl</span> <span class='ocrx_word' id='word_1_33' title='bbox 266 781 274 822; x_wconf 75' lang='grc' dir='ltr'><em>τ</em></span> <span class='ocrx_word' id='word_1_34' title='bbox 292 797 327 807; x_wconf 85' lang='grc'>-</span> <span class='ocrx_word' id='word_1_35' title='bbox 343 763 385 824; x_wconf 90' lang='lat' dir='ltr'>Ut</span> <span class='ocrx_word' id='word_1_36' title='bbox 397 760 482 823; x_wconf 89' lang='lat' dir='ltr'>enim</span> <span class='ocrx_word' id='word_1_37' title='bbox 504 762 537 830; x_wconf 92' lang='lat' dir='ltr'>in</span> <span class='ocrx_word' id='word_1_38' title='bbox 555 760 629 836; x_wconf 86' lang='lat' dir='ltr'>vita,</span> <span class='ocrx_word' id='word_1_39' title='bbox 648 760 693 823; x_wconf 92' lang='lat' dir='ltr'>sic</span> <span class='ocrx_word' id='word_1_40' title='bbox 713 759 745 822; x_wconf 93' lang='lat' dir='ltr'>in</span> <span class='ocrx_word' id='word_1_41' title='bbox 757 760 900 822; x_wconf 85' lang='lat' dir='ltr'>oratione</span> <span class='ocrx_word' id='word_1_42' title='bbox 920 758 998 820; x_wconf 88' lang='lat' dir='ltr'>nihil</span> <span class='ocrx_word' id='word_1_43' title='bbox 1014 766 1061 821; x_wconf 87' lang='lat' dir='ltr'>est</span> <span class='ocrx_word' id='word_1_44' title='bbox 1076 758 1238 822; x_wconf 76' lang='lat' dir='ltr'>difficilius</span> 
     </span>
     <span class='ocr_line' id='line_1_6' title="bbox 78 864 1237 950; baseline -0.003 -20"><span class='ocrx_word' id='word_1_45' title='bbox 78 885 179 949; x_wconf 88' lang='lat' dir='ltr'>quam</span> <span class='ocrx_word' id='word_1_46' title='bbox 204 866 280 948; x_wconf 93' lang='lat' dir='ltr'>quid</span> <span class='ocrx_word' id='word_1_47' title='bbox 297 870 408 930; x_wconf 88' lang='lat' dir='ltr'>deceat</span> <span class='ocrx_word' id='word_1_48' title='bbox 432 867 548 931; x_wconf 87' lang='lat' dir='ltr'>videre.</span> <span class='ocrx_word' id='word_1_49' title='bbox 571 890 585 925; x_wconf 87' lang='lat' dir='ltr'>n</span> <span class='ocrx_word' id='word_1_50' title='bbox 602 866 708 950; x_wconf 80' lang='grc' dir='ltr'><strong>ΙΙρέπον</strong></span> <span class='ocrx_word' id='word_1_51' title='bbox 722 891 736 925; x_wconf 85' lang='lat' dir='ltr'>n</span> <span class='ocrx_word' id='word_1_52' title='bbox 764 867 926 946; x_wconf 86' lang='lat' dir='ltr'>appellant</span> <span class='ocrx_word' id='word_1_53' title='bbox 945 865 1006 927; x_wconf 92' lang='lat' dir='ltr'>hoc</span> <span class='ocrx_word' id='word_1_54' title='bbox 1032 864 1152 929; x_wconf 87' lang='lat' dir='ltr'>Graeci:</span> <span class='ocrx_word' id='word_1_55' title='bbox 1179 886 1237 928; x_wconf 91' lang='lat' dir='ltr'>nos</span> 
     </span>
     <span class='ocr_line' id='line_1_7' title="bbox 79 973 584 1036; baseline -0.008 -1"><span class='ocrx_word' id='word_1_56' title='bbox 79 973 226 1036; x_wconf 86' lang='lat' dir='ltr'>dicamus</span> <span class='ocrx_word' id='word_1_57' title='bbox 242 992 316 1036; x_wconf 87' lang='lat' dir='ltr'>sane</span> <span class='ocrx_word' id='word_1_58' title='bbox 336 995 351 1031; x_wconf 84' lang='lat' dir='ltr'>n</span> <span class='ocrx_word' id='word_1_59' title='bbox 366 976 553 1036; x_wconf 81' lang='lat' dir='ltr'><strong><em>Decorum...</em></strong></span> <span class='ocrx_word' id='word_1_60' title='bbox 568 995 584 1031; x_wconf 82' lang='lat' dir='ltr'>n</span> 
     </span>
    </p>

    <p class='ocr_par' dir='ltr' id='par_1_4' title="bbox 78 1078 1240 1571">
     <span class='ocr_line' id='line_1_8' title="bbox 124 1078 1239 1161; baseline -0.002 -18"><span class='ocrx_word' id='word_1_61' title='bbox 124 1085 199 1161; x_wconf 86' lang='lat' dir='ltr'>Gap.</span> <span class='ocrx_word' id='word_1_62' title='bbox 215 1086 265 1144; x_wconf 67' lang='lat'>25.</span> <span class='ocrx_word' id='word_1_63' title='bbox 293 1106 332 1129; x_wconf 90' lang='lat'>·-</span> <span class='ocrx_word' id='word_1_64' title='bbox 346 1082 435 1144; x_wconf 88' lang='lat' dir='ltr'>lllam</span> <span class='ocrx_word' id='word_1_65' title='bbox 452 1088 559 1144; x_wconf 91' lang='lat' dir='ltr'>autem</span> <span class='ocrx_word' id='word_1_66' title='bbox 580 1078 841 1157; x_wconf 77' lang='lat' dir='ltr'>concinnitatem,</span> <span class='ocrx_word' id='word_1_67' title='bbox 859 1099 932 1160; x_wconf 88' lang='lat' dir='ltr'>quac</span> <span class='ocrx_word' id='word_1_68' title='bbox 948 1080 1120 1143; x_wconf 88' lang='lat' dir='ltr'>verborum</span> <span class='ocrx_word' id='word_1_69' title='bbox 1144 1080 1239 1143; x_wconf 85' lang='lat' dir='ltr'>collo·</span> 
     </span>
     <span class='ocr_line' id='line_1_9' title="bbox 79 1185 1238 1268; baseline -0.004 -15"><span class='ocrx_word' id='word_1_70' title='bbox 79 1189 241 1254; x_wconf 73' lang='lat' dir='ltr'>cntionem</span> <span class='ocrx_word' id='word_1_71' title='bbox 256 1186 414 1252; x_wconf 86' lang='lat' dir='ltr'>illuminat</span> <span class='ocrx_word' id='word_1_72' title='bbox 426 1189 474 1251; x_wconf 90' lang='lat' dir='ltr'>his</span> <span class='ocrx_word' id='word_1_73' title='bbox 489 1189 662 1263; x_wconf 76' lang='lat' dir='ltr'>luminibus,</span> <span class='ocrx_word' id='word_1_74' title='bbox 677 1207 748 1268; x_wconf 82' lang='lat' dir='ltr'>qnae</span> <span class='ocrx_word' id='word_1_75' title='bbox 763 1185 875 1263; x_wconf 81' lang='lat' dir='ltr'>Graeci,</span> <span class='ocrx_word' id='word_1_76' title='bbox 886 1186 975 1267; x_wconf 90' lang='lat' dir='ltr'>quasi</span> <span class='ocrx_word' id='word_1_77' title='bbox 994 1186 1116 1266; x_wconf 89' lang='lat' dir='ltr'>aliquos</span> <span class='ocrx_word' id='word_1_78' title='bbox 1131 1194 1238 1268; x_wconf 84' lang='lat' dir='ltr'>gestus</span> 
     </span>
     <span class='ocr_line' id='line_1_10' title="bbox 78 1291 1239 1377; baseline -0.005 -16"><span class='ocrx_word' id='word_1_79' title='bbox 78 1296 245 1373; x_wconf 87' lang='lat' dir='ltr'>orationis,</span> <span class='ocrx_word' id='word_1_80' title='bbox 265 1296 429 1377; x_wconf 74' lang='grc' dir='ltr'>«Σχήματα</span> <span class='ocrx_word' id='word_1_81' title='bbox 449 1318 464 1354; x_wconf 82' lang='lat' dir='ltr'>n</span> <span class='ocrx_word' id='word_1_82' title='bbox 482 1297 643 1375; x_wconf 86' lang='lat' dir='ltr'>appellant</span> <span class='ocrx_word' id='word_1_83' title='bbox 661 1294 757 1376; x_wconf 82' lang='lat' dir='ltr'>(quod</span> <span class='ocrx_word' id='word_1_84' title='bbox 775 1292 862 1356; x_wconf 89' lang='lat' dir='ltr'>idem</span> <span class='ocrx_word' id='word_1_85' title='bbox 882 1293 1015 1355; x_wconf 83' lang='lat' dir='ltr'>verbum</span> <span class='ocrx_word' id='word_1_86' title='bbox 1027 1293 1067 1355; x_wconf 90' lang='lat' dir='ltr'>ab</span> <span class='ocrx_word' id='word_1_87' title='bbox 1080 1292 1130 1355; x_wconf 92' lang='lat' dir='ltr'>his</span> <span class='ocrx_word' id='word_1_88' title='bbox 1142 1291 1239 1356; x_wconf 89' lang='lat' dir='ltr'>etiam</span> 
     </span>
     <span class='ocr_line' id='line_1_11' title="bbox 78 1398 1240 1479; baseline -0.005 -11"><span class='ocrx_word' id='word_1_89' title='bbox 78 1408 117 1468; x_wconf 90' lang='lat' dir='ltr'>in</span> <span class='ocrx_word' id='word_1_90' title='bbox 145 1404 371 1467; x_wconf 87' lang='lat' dir='ltr'>sententiarum</span> <span class='ocrx_word' id='word_1_91' title='bbox 399 1406 585 1464; x_wconf 87' lang='lat' dir='ltr'>ornamenta</span> <span class='ocrx_word' id='word_1_92' title='bbox 608 1400 812 1478; x_wconf 77' lang='lat' dir='ltr'>transfertur)</span> <span class='ocrx_word' id='word_1_93' title='bbox 842 1398 985 1477; x_wconf 87' lang='lat' dir='ltr'>adhibet,</span> <span class='ocrx_word' id='word_1_94' title='bbox 1022 1398 1154 1479; x_wconf 89' lang='lat' dir='ltr'>quidam</span> <span class='ocrx_word' id='word_1_95' title='bbox 1186 1400 1240 1463; x_wconf 89' lang='lat' dir='ltr'>hic</span> 
     </span>
     <span class='ocr_line' id='line_1_12' title="bbox 80 1508 1020 1571; baseline -0.002 0"><span class='ocrx_word' id='word_1_96' title='bbox 80 1508 248 1571; x_wconf 87' lang='lat' dir='ltr'>subtilis...</span> <span class='ocrx_word' id='word_1_97' title='bbox 1017 1524 1020 1528; x_wconf 88' lang='grc'><em>·</em></span> 
     </span>
    </p>

    <p class='ocr_par' dir='ltr' id='par_1_5' title="bbox 80 1613 1333 2236">
     <span class='ocr_line' id='line_1_13' title="bbox 129 1613 1242 1705; baseline 0 -27"><span class='ocrx_word' id='word_1_98' title='bbox 129 1618 233 1692; x_wconf 74' lang='lat' dir='ltr'>Orat,</span> <span class='ocrx_word' id='word_1_99' title='bbox 262 1634 330 1695; x_wconf 87' lang='lat' dir='ltr'>cap.</span> <span class='ocrx_word' id='word_1_100' title='bbox 347 1620 385 1679; x_wconf 77' lang='lat'>27</span> <span class='ocrx_word' id='word_1_101' title='bbox 408 1633 415 1677; x_wconf 92' lang='lat'>:</span> <span class='ocrx_word' id='word_1_102' title='bbox 445 1651 477 1659; x_wconf 89' lang='lat'>-</span> <span class='ocrx_word' id='word_1_103' title='bbox 508 1618 594 1677; x_wconf 92' lang='lat' dir='ltr'>Hanc</span> <span class='ocrx_word' id='word_1_104' title='bbox 614 1613 813 1705; x_wconf 60' lang='lat' dir='ltr'>u‘fnalluqdv</span> <span class='ocrx_word' id='word_1_105' title='bbox 842 1637 858 1673; x_wconf 84' lang='lat' dir='ltr'>n</span> <span class='ocrx_word' id='word_1_106' title='bbox 881 1617 1046 1692; x_wconf 82' lang='lat' dir='ltr'>Rhetores,</span> <span class='ocrx_word' id='word_1_107' title='bbox 1065 1614 1139 1696; x_wconf 92' lang='lat' dir='ltr'>quia</span> <span class='ocrx_word' id='word_1_108' title='bbox 1153 1615 1242 1697; x_wconf 90' lang='lat' dir='ltr'>quasi</span> 
     </span>
     <span class='ocr_line' id='line_1_14' title="bbox 80 1716 1240 1804; baseline 0 -17"><span class='ocrx_word' id='word_1_109' title='bbox 80 1728 319 1787; x_wconf 83' lang='lat' dir='ltr'>summutantur</span> <span class='ocrx_word' id='word_1_110' title='bbox 329 1716 424 1785; x_wconf 69' lang='lat' dir='ltr'>⁸verba</span> <span class='ocrx_word' id='word_1_111' title='bbox 440 1723 628 1802; x_wconf 81' lang='lat' dir='ltr'>proverbis,</span> <span class='ocrx_word' id='word_1_112' title='bbox 647 1745 663 1784; x_wconf 83' lang='lat' dir='ltr'>u</span> <span class='ocrx_word' id='word_1_113' title='bbox 676 1724 854 1804; x_wconf 78' lang='grc' dir='ltr'>Μετωνυμίαν</span> <span class='ocrx_word' id='word_1_114' title='bbox 867 1747 880 1781; x_wconf 86' lang='lat' dir='ltr'>n</span> <span class='ocrx_word' id='word_1_115' title='bbox 899 1724 1104 1787; x_wconf 84' lang='lat' dir='ltr'>Grammatici</span> <span class='ocrx_word' id='word_1_116' title='bbox 1116 1731 1240 1802; x_wconf 88' lang='lat' dir='ltr'>vocant,</span> 
     </span>
     <span class='ocr_line' id='line_1_15' title="bbox 81 1827 1244 1912; baseline 0.001 -19"><span class='ocrx_word' id='word_1_117' title='bbox 81 1833 174 1912; x_wconf 92' lang='lat' dir='ltr'>quod</span> <span class='ocrx_word' id='word_1_118' title='bbox 184 1827 312 1894; x_wconf 87' lang='lat' dir='ltr'>nomin&#39;a</span> <span class='ocrx_word' id='word_1_119' title='bbox 324 1831 566 1894; x_wconf 86' lang='lat' dir='ltr'>transferuntur.</span> <span class='ocrx_word' id='word_1_120' title='bbox 576 1832 764 1895; x_wconf 84' lang='lat' dir='ltr'>Aristoteles</span> <span class='ocrx_word' id='word_1_121' title='bbox 773 1838 879 1895; x_wconf 90' lang='lat' dir='ltr'>autem</span> <span class='ocrx_word' id='word_1_122' title='bbox 890 1834 1086 1894; x_wconf 82' lang='lat' dir='ltr'>translationi</span> <span class='ocrx_word' id='word_1_123' title='bbox 1095 1832 1165 1894; x_wconf 84' lang='lat' dir='ltr'>haec</span> <span class='ocrx_word' id='word_1_124' title='bbox 1175 1832 1244 1911; x_wconf 91' lang='lat' dir='ltr'>ipsa</span> 
     </span>
     <span class='ocr_line' id='line_1_16' title="bbox 81 1918 1333 2023; baseline 0.002 -23"><span class='ocrx_word' id='word_1_125' title='bbox 81 1938 259 2018; x_wconf 85' lang='lat' dir='ltr'>subjungit,</span> <span class='ocrx_word' id='word_1_126' title='bbox 287 1945 319 2003; x_wconf 87' lang='lat' dir='ltr'>ct</span> <span class='ocrx_word' id='word_1_127' title='bbox 340 1940 521 2013; x_wconf 83' lang='lat' dir='ltr'>abusionem,</span> <span class='ocrx_word' id='word_1_128' title='bbox 550 1957 645 2018; x_wconf 90' lang='lat' dir='ltr'>quam</span> <span class='ocrx_word' id='word_1_129' title='bbox 662 1961 676 1998; x_wconf 85' lang='lat' dir='ltr'>n</span> <span class='ocrx_word' id='word_1_130' title='bbox 690 1939 891 2023; x_wconf 76' lang='grc' dir='ltr'><strong>Κατάχρησιν»</strong></span> <span class='ocrx_word' id='word_1_131' title='bbox 919 1944 1053 2002; x_wconf 89' lang='lat' dir='ltr'>vocant:</span> <span class='ocrx_word' id='word_1_132' title='bbox 1077 1945 1122 2015; x_wconf 87' lang='lat' dir='ltr'>ut,</span> <span class='ocrx_word' id='word_1_133' title='bbox 1144 1957 1243 2020; x_wconf 90' lang='lat' dir='ltr'>quum</span> <span class='ocrx_word' id='word_1_134' title='bbox 1314 1918 1333 1947; x_wconf 62' lang='lat'>⁸</span> 
     </span>
     <span class='ocr_line' id='line_1_17' title="bbox 83 2044 1245 2128; baseline -0.003 -18"><span class='ocrx_word' id='word_1_135' title='bbox 83 2044 248 2110; x_wconf 91' lang='lat' dir='ltr'>minutum</span> <span class='ocrx_word' id='word_1_136' title='bbox 273 2045 407 2109; x_wconf 85' lang='lat' dir='ltr'>dicimus</span> <span class='ocrx_word' id='word_1_137' title='bbox 420 2046 562 2108; x_wconf 89' lang='lat' dir='ltr'>animum</span> <span class='ocrx_word' id='word_1_138' title='bbox 575 2064 633 2126; x_wconf 91' lang='lat' dir='ltr'>pro</span> <span class='ocrx_word' id='word_1_139' title='bbox 648 2065 755 2126; x_wconf 81' lang='lat' dir='ltr'>parm,</span> <span class='ocrx_word' id='word_1_140' title='bbox 775 2052 805 2109; x_wconf 91' lang='lat' dir='ltr'>et</span> <span class='ocrx_word' id='word_1_141' title='bbox 823 2046 984 2109; x_wconf 89' lang='lat' dir='ltr'>abutimur</span> <span class='ocrx_word' id='word_1_142' title='bbox 998 2045 1101 2108; x_wconf 89' lang='lat' dir='ltr'>verbis</span> <span class='ocrx_word' id='word_1_143' title='bbox 1113 2045 1245 2128; x_wconf 85' lang='lat' dir='ltr'>propin·</span> 
     </span>
     <span class='ocr_line' id='line_1_18' title="bbox 84 2153 1006 2236; baseline -0.001 -19"><span class='ocrx_word' id='word_1_144' title='bbox 84 2156 171 2236; x_wconf 88' lang='lat' dir='ltr'>quis,</span> <span class='ocrx_word' id='word_1_145' title='bbox 188 2153 213 2216; x_wconf 92' lang='lat' dir='ltr'>si</span> <span class='ocrx_word' id='word_1_146' title='bbox 229 2172 308 2233; x_wconf 90' lang='lat' dir='ltr'>opus</span> <span class='ocrx_word' id='word_1_147' title='bbox 326 2159 384 2231; x_wconf 89' lang='lat' dir='ltr'>cst,</span> <span class='ocrx_word' id='word_1_148' title='bbox 401 2156 449 2217; x_wconf 89' lang='lat' dir='ltr'>vel</span> <span class='ocrx_word' id='word_1_149' title='bbox 465 2154 552 2234; x_wconf 90' lang='lat' dir='ltr'>quod</span> <span class='ocrx_word' id='word_1_150' title='bbox 567 2155 715 2232; x_wconf 88' lang='lat' dir='ltr'>delectat,</span> <span class='ocrx_word' id='word_1_151' title='bbox 731 2157 779 2218; x_wconf 91' lang='lat' dir='ltr'>vel</span> <span class='ocrx_word' id='word_1_152' title='bbox 797 2157 883 2235; x_wconf 94' lang='lat' dir='ltr'>quod</span> <span class='ocrx_word' id='word_1_153' title='bbox 904 2155 1006 2217; x_wconf 90' lang='lat' dir='ltr'>decet.</span> 
     </span>
    </p>

    <p class='ocr_par' dir='ltr' id='par_1_6' title="bbox 130 2260 1243 2345">
     <span class='ocr_line' id='line_1_19' title="bbox 130 2260 1243 2345; baseline -0.002 -18"><span class='ocrx_word' id='word_1_154' title='bbox 130 2267 205 2344; x_wconf 86' lang='lat' dir='ltr'>Gap.</span> <span class='ocrx_word' id='word_1_155' title='bbox 218 2268 268 2340; x_wconf 72' lang='lat'>27,</span> <span class='ocrx_word' id='word_1_156' title='bbox 281 2263 410 2325; x_wconf 84' lang='lat' dir='ltr'>ibidem:</span> <span class='ocrx_word' id='word_1_157' title='bbox 423 2298 464 2309; x_wconf 93' lang='grc'><strong>-</strong></span> <span class='ocrx_word' id='word_1_158' title='bbox 476 2265 547 2326; x_wconf 83' lang='lat' dir='ltr'>lam</span> <span class='ocrx_word' id='word_1_159' title='bbox 564 2282 662 2345; x_wconf 93' lang='lat' dir='ltr'>quum</span> <span class='ocrx_word' id='word_1_160' title='bbox 674 2260 833 2326; x_wconf 82' lang='lat' dir='ltr'>fluxerunt</span> <span class='ocrx_word' id='word_1_161' title='bbox 846 2265 951 2343; x_wconf 88' lang='lat' dir='ltr'>plures</span> <span class='ocrx_word' id='word_1_162' title='bbox 966 2264 1127 2326; x_wconf 84' lang='lat' dir='ltr'>continuae</span> <span class='ocrx_word' id='word_1_163' title='bbox 1140 2269 1243 2326; x_wconf 86' lang='lat' dir='ltr'>trans·</span> 
     </span>
    </p>
   </div>
   <div class='ocr_carea' id='block_1_3' title="bbox 86 2378 1344 2461">
    <p class='ocr_par' dir='ltr' id='par_1_7' title="bbox 86 2378 1344 2461">
     <span class='ocr_line' id='line_1_20' title="bbox 86 2378 1344 2461; baseline -0.001 -16"><span class='ocrx_word' id='word_1_164' title='bbox 86 2381 233 2456; x_wconf 86' lang='lat' dir='ltr'>latioues,</span> <span class='ocrx_word' id='word_1_165' title='bbox 259 2378 320 2442; x_wconf 88' lang='lat' dir='ltr'>alia</span> <span class='ocrx_word' id='word_1_166' title='bbox 335 2381 428 2461; x_wconf 90' lang='lat' dir='ltr'>plane</span> <span class='ocrx_word' id='word_1_167' title='bbox 443 2379 478 2443; x_wconf 88' lang='lat' dir='ltr'>lit</span> <span class='ocrx_word' id='word_1_168' title='bbox 497 2381 608 2443; x_wconf 88' lang='lat' dir='ltr'>oratio.</span> <span class='ocrx_word' id='word_1_169' title='bbox 636 2382 747 2460; x_wconf 91' lang='lat' dir='ltr'>ltaque</span> <span class='ocrx_word' id='word_1_170' title='bbox 761 2397 859 2460; x_wconf 83' lang='lat' dir='ltr'>genus</span> <span class='ocrx_word' id='word_1_171' title='bbox 874 2381 936 2441; x_wconf 91' lang='lat' dir='ltr'>hoc</span> <span class='ocrx_word' id='word_1_172' title='bbox 958 2378 1060 2442; x_wconf 85' lang='lat' dir='ltr'>Graeci</span> <span class='ocrx_word' id='word_1_173' title='bbox 1081 2381 1244 2459; x_wconf 85' lang='lat' dir='ltr'>appellant</span> <span class='ocrx_word' id='word_1_174' title='bbox 1341 2444 1344 2449; x_wconf 16' lang='grc' dir='ltr'><strong>Δ</strong></span> 
     </span>
    </p>
   </div>
   <div class='ocr_carea' id='block_1_4' title="bbox 86 2485 1243 2658">
    <p class='ocr_par' dir='ltr' id='par_1_8' title="bbox 86 2485 1243 2658">
     <span class='ocr_line' id='line_1_21' title="bbox 86 2485 1243 2570; baseline 0 -20"><span class='ocrx_word' id='word_1_175' title='bbox 86 2487 260 2570; x_wconf 53' lang='lat' dir='ltr'>eliquetur,</span> <span class='ocrx_word' id='word_1_176' title='bbox 298 2485 426 2550; x_wconf 90' lang='lat' dir='ltr'>nomine</span> <span class='ocrx_word' id='word_1_177' title='bbox 456 2495 553 2564; x_wconf 85' lang='lat' dir='ltr'>recte,</span> <span class='ocrx_word' id='word_1_178' title='bbox 578 2505 692 2568; x_wconf 84' lang='lat' dir='ltr'>genere</span> <span class='ocrx_word' id='word_1_179' title='bbox 722 2488 835 2549; x_wconf 90' lang='lat' dir='ltr'>melius</span> <span class='ocrx_word' id='word_1_180' title='bbox 866 2485 931 2562; x_wconf 90' lang='lat' dir='ltr'>ille,</span> <span class='ocrx_word' id='word_1_181' title='bbox 964 2488 1017 2566; x_wconf 92' lang='lat' dir='ltr'>qui</span> <span class='ocrx_word' id='word_1_182' title='bbox 1049 2486 1108 2550; x_wconf 89' lang='lat' dir='ltr'>ista</span> <span class='ocrx_word' id='word_1_183' title='bbox 1136 2485 1243 2550; x_wconf 91' lang='lat' dir='ltr'>omnia</span> 
     </span>
     <span class='ocr_line' id='line_1_22' title="bbox 88 2595 458 2658; baseline 0.003 -1"><span class='ocrx_word' id='word_1_184' title='bbox 88 2597 300 2657; x_wconf 77' lang='lat' dir='ltr'>translationes</span> <span class='ocrx_word' id='word_1_185' title='bbox 314 2601 416 2658; x_wconf 85' lang='lat' dir='ltr'>vocat.</span> <span class='ocrx_word' id='word_1_186' title='bbox 455 2595 458 2599; x_wconf 83' lang='grc'><strong>’</strong></span> 
     </span>
    </p>
   </div>
   <div class='ocr_carea' id='block_1_5' title="bbox 90 2701 1247 3189">
    <p class='ocr_par' dir='ltr' id='par_1_9' title="bbox 90 2701 1247 3189">
     <span class='ocr_line' id='line_1_23' title="bbox 132 2701 1245 2784; baseline -0.001 -19"><span class='ocrx_word' id='word_1_187' title='bbox 132 2706 207 2782; x_wconf 86' lang='lat' dir='ltr'>Cap.</span> <span class='ocrx_word' id='word_1_188' title='bbox 223 2706 262 2765; x_wconf 86' lang='grc'>36</span> <span class='ocrx_word' id='word_1_189' title='bbox 279 2722 286 2764; x_wconf 90' lang='lat'>:</span> <span class='ocrx_word' id='word_1_190' title='bbox 302 2736 337 2748; x_wconf 97' lang='lat'><em>-</em></span> <span class='ocrx_word' id='word_1_191' title='bbox 357 2703 438 2765; x_wconf 82' lang='lat' dir='ltr'>Tum</span> <span class='ocrx_word' id='word_1_192' title='bbox 451 2708 525 2765; x_wconf 88' lang='lat' dir='ltr'>sunt</span> <span class='ocrx_word' id='word_1_193' title='bbox 539 2701 675 2765; x_wconf 82' lang='lat' dir='ltr'>maxime</span> <span class='ocrx_word' id='word_1_194' title='bbox 688 2701 855 2765; x_wconf 86' lang='lat' dir='ltr'>luminosae</span> <span class='ocrx_word' id='word_1_195' title='bbox 867 2709 898 2766; x_wconf 89' lang='lat' dir='ltr'>et</span> <span class='ocrx_word' id='word_1_196' title='bbox 919 2702 1008 2782; x_wconf 89' lang='lat' dir='ltr'>quasi</span> <span class='ocrx_word' id='word_1_197' title='bbox 1021 2709 1160 2766; x_wconf 82' lang='lat' dir='ltr'>actuosae</span> <span class='ocrx_word' id='word_1_198' title='bbox 1173 2721 1245 2784; x_wconf 88' lang='lat' dir='ltr'>par·</span> 
     </span>
     <span class='ocr_line' id='line_1_24' title="bbox 90 2793 1242 2889; baseline 0.001 -17"><span class='ocrx_word' id='word_1_199' title='bbox 90 2817 140 2873; x_wconf 88' lang='lat' dir='ltr'>tes</span> <span class='ocrx_word' id='word_1_200' title='bbox 155 2810 226 2870; x_wconf 82' lang='lat' dir='ltr'>duee</span> <span class='ocrx_word' id='word_1_201' title='bbox 251 2825 410 2887; x_wconf 91' lang='lat' dir='ltr'>:quarum</span> <span class='ocrx_word' id='word_1_202' title='bbox 431 2809 562 2870; x_wconf 86' lang='lat' dir='ltr'>alteram</span> <span class='ocrx_word' id='word_1_203' title='bbox 586 2809 619 2869; x_wconf 90' lang='lat' dir='ltr'>in</span> <span class='ocrx_word' id='word_1_204' title='bbox 649 2808 785 2873; x_wconf 90' lang='lat' dir='ltr'>universi</span> <span class='ocrx_word' id='word_1_205' title='bbox 811 2793 934 2889; x_wconf 84' lang='lat' dir='ltr'>generis</span> <span class='ocrx_word' id='word_1_206' title='bbox 951 2810 1117 2885; x_wconf 77' lang='lat' dir='ltr'>Quaestione</span> <span class='ocrx_word' id='word_1_207' title='bbox 1145 2828 1242 2889; x_wconf 88' lang='lat' dir='ltr'>pono,</span> 
     </span>
     <span class='ocr_line' id='line_1_25' title="bbox 90 2911 1247 2995; baseline 0.003 -20"><span class='ocrx_word' id='word_1_208' title='bbox 90 2930 189 2995; x_wconf 83' lang='lat' dir='ltr'>quam</span> <span class='ocrx_word' id='word_1_209' title='bbox 209 2914 257 2994; x_wconf 84' lang='lat' dir='ltr'>(ut</span> <span class='ocrx_word' id='word_1_210' title='bbox 279 2931 374 2992; x_wconf 87' lang='lat' dir='ltr'>supra</span> <span class='ocrx_word' id='word_1_211' title='bbox 395 2911 471 2993; x_wconf 84' lang='lat' dir='ltr'>dixi)</span> <span class='ocrx_word' id='word_1_212' title='bbox 495 2912 595 2976; x_wconf 75' lang='lat' dir='ltr'>Graeci</span> <span class='ocrx_word' id='word_1_213' title='bbox 616 2917 777 2994; x_wconf 86' lang='lat' dir='ltr'>appellant</span> <span class='ocrx_word' id='word_1_214' title='bbox 794 2938 807 2973; x_wconf 85' lang='lat' dir='ltr'>n</span> <span class='ocrx_word' id='word_1_215' title='bbox 825 2914 931 2977; x_wconf 75' lang='grc' dir='ltr'>Θέσινε</span> <span class='ocrx_word' id='word_1_216' title='bbox 955 2940 969 2975; x_wconf 87' lang='lat' dir='ltr'>n</span> <span class='ocrx_word' id='word_1_217' title='bbox 990 2918 1120 2978; x_wconf 85' lang='lat' dir='ltr'>alteram</span> <span class='ocrx_word' id='word_1_218' title='bbox 1141 2917 1173 2977; x_wconf 95' lang='lat' dir='ltr'>in</span> <span class='ocrx_word' id='word_1_219' title='bbox 1189 2936 1247 2978; x_wconf 94' lang='lat' dir='ltr'>au·</span> 
     </span>
     <span class='ocr_line' id='line_1_26' title="bbox 91 3017 1245 3101; baseline 0.004 -21"><span class='ocrx_word' id='word_1_220' title='bbox 91 3017 203 3100; x_wconf 86' lang='lat' dir='ltr'>gendis</span> <span class='ocrx_word' id='word_1_221' title='bbox 224 3018 518 3098; x_wconf 85' lang='lat' dir='ltr'>amplificandisque</span> <span class='ocrx_word' id='word_1_222' title='bbox 541 3021 644 3097; x_wconf 91' lang='lat' dir='ltr'>rebus,</span> <span class='ocrx_word' id='word_1_223' title='bbox 672 3040 742 3101; x_wconf 85' lang='lat' dir='ltr'>quae</span> <span class='ocrx_word' id='word_1_224' title='bbox 770 3021 810 3082; x_wconf 91' lang='lat' dir='ltr'>ab</span> <span class='ocrx_word' id='word_1_225' title='bbox 833 3021 954 3083; x_wconf 90' lang='lat' dir='ltr'>eisdem</span> <span class='ocrx_word' id='word_1_226' title='bbox 986 3045 1001 3081; x_wconf 82' lang='lat' dir='ltr'>u</span> <span class='ocrx_word' id='word_1_227' title='bbox 1015 3021 1128 3096; x_wconf 81' lang='grc' dir='ltr'><strong>Αὔξησις</strong></span> <span class='ocrx_word' id='word_1_228' title='bbox 1145 3045 1159 3082; x_wconf 89' lang='lat' dir='ltr'>n</span> <span class='ocrx_word' id='word_1_229' title='bbox 1197 3027 1245 3085; x_wconf 84' lang='lat' dir='ltr'>est</span> 
     </span>
     <span class='ocr_line' id='line_1_27' title="bbox 93 3126 268 3189; baseline 0.006 -1"><span class='ocrx_word' id='word_1_230' title='bbox 93 3126 268 3189; x_wconf 87' lang='lat' dir='ltr'>nominata.</span> 
     </span>
    </p>
   </div>
   <div class='ocr_carea' id='block_1_6' title="bbox 93 3233 1256 4386">
    <p class='ocr_par' dir='ltr' id='par_1_10' title="bbox 93 3233 1250 3634">
     <span class='ocr_line' id='line_1_28' title="bbox 134 3233 1250 3316; baseline 0.002 -21"><span class='ocrx_word' id='word_1_231' title='bbox 134 3235 206 3314; x_wconf 81' lang='lat' dir='ltr'>(lup.</span> <span class='ocrx_word' id='word_1_232' title='bbox 233 3235 283 3309; x_wconf 75' lang='lat'>36,</span> <span class='ocrx_word' id='word_1_233' title='bbox 299 3233 410 3293; x_wconf 77' lang='lat' dir='ltr'>ibidem</span> <span class='ocrx_word' id='word_1_234' title='bbox 427 3252 437 3295; x_wconf 91' lang='lat'>.·</span> <span class='ocrx_word' id='word_1_235' title='bbox 455 3234 663 3315; x_wconf 82' lang='lat' dir='ltr'>-Quidquid</span> <span class='ocrx_word' id='word_1_236' title='bbox 683 3239 731 3296; x_wconf 89' lang='lat' dir='ltr'>est</span> <span class='ocrx_word' id='word_1_237' title='bbox 746 3234 832 3295; x_wconf 90' lang='lat' dir='ltr'>enim</span> <span class='ocrx_word' id='word_1_238' title='bbox 847 3234 936 3310; x_wconf 89' lang='lat' dir='ltr'>illud,</span> <span class='ocrx_word' id='word_1_239' title='bbox 954 3236 1065 3316; x_wconf 91' lang='lat' dir='ltr'>inquo</span> <span class='ocrx_word' id='word_1_240' title='bbox 1081 3233 1170 3316; x_wconf 89' lang='lat' dir='ltr'>quasi</span> <span class='ocrx_word' id='word_1_241' title='bbox 1183 3253 1250 3297; x_wconf 83' lang='lat' dir='ltr'>cer·</span> 
     </span>
     <span class='ocr_line' id='line_1_29' title="bbox 93 3328 1250 3423; baseline 0.001 -19"><span class='ocrx_word' id='word_1_242' title='bbox 93 3348 195 3404; x_wconf 85' lang='lat' dir='ltr'>tumen</span> <span class='ocrx_word' id='word_1_243' title='bbox 217 3349 260 3404; x_wconf 81' lang='lat' dir='ltr'>en</span> <span class='ocrx_word' id='word_1_244' title='bbox 283 3328 498 3417; x_wconf 76' lang='lat' dir='ltr'>controuersia,</span> <span class='ocrx_word' id='word_1_245' title='bbox 514 3342 601 3421; x_wconf 93' lang='lat' dir='ltr'>quod</span> <span class='ocrx_word' id='word_1_246' title='bbox 620 3345 728 3405; x_wconf 88' lang='lat' dir='ltr'>Graece</span> <span class='ocrx_word' id='word_1_247' title='bbox 751 3342 942 3423; x_wconf 79' lang='grc' dir='ltr'><strong>«Κρινόμενον</strong></span> <span class='ocrx_word' id='word_1_248' title='bbox 966 3366 980 3403; x_wconf 85' lang='lat' dir='ltr'>n</span> <span class='ocrx_word' id='word_1_249' title='bbox 1007 3343 1134 3417; x_wconf 88' lang='lat' dir='ltr'>dicitur,</span> <span class='ocrx_word' id='word_1_250' title='bbox 1152 3342 1182 3403; x_wconf 88' lang='lat' dir='ltr'>id</span> <span class='ocrx_word' id='word_1_251' title='bbox 1206 3339 1250 3405; x_wconf 87' lang='lat' dir='ltr'>ita</span> 
     </span>
     <span class='ocr_line' id='line_1_30' title="bbox 93 3446 1248 3528; baseline -0.002 -17"><span class='ocrx_word' id='word_1_252' title='bbox 93 3446 159 3511; x_wconf 90' lang='lat' dir='ltr'>dici</span> <span class='ocrx_word' id='word_1_253' title='bbox 175 3449 290 3527; x_wconf 87' lang='lat' dir='ltr'>placet,</span> <span class='ocrx_word' id='word_1_254' title='bbox 307 3452 342 3507; x_wconf 89' lang='lat' dir='ltr'>ut</span> <span class='ocrx_word' id='word_1_255' title='bbox 357 3446 541 3509; x_wconf 86' lang='lat' dir='ltr'>traducatur</span> <span class='ocrx_word' id='word_1_256' title='bbox 551 3449 591 3510; x_wconf 86' lang='lat' dir='ltr'>ad</span> <span class='ocrx_word' id='word_1_257' title='bbox 607 3454 794 3527; x_wconf 85' lang='lat' dir='ltr'>perpetuam</span> <span class='ocrx_word' id='word_1_258' title='bbox 813 3450 1034 3528; x_wconf 76' lang='lat' dir='ltr'>quaestionem,</span> <span class='ocrx_word' id='word_1_259' title='bbox 1048 3454 1144 3527; x_wconf 89' lang='lat' dir='ltr'>atque</span> <span class='ocrx_word' id='word_1_260' title='bbox 1157 3452 1193 3510; x_wconf 87' lang='lat' dir='ltr'>ut</span> <span class='ocrx_word' id='word_1_261' title='bbox 1206 3447 1248 3510; x_wconf 89' lang='lat' dir='ltr'>dc</span> 
     </span>
     <span class='ocr_line' id='line_1_31' title="bbox 95 3541 841 3634; baseline -0.001 -18"><span class='ocrx_word' id='word_1_262' title='bbox 95 3555 240 3617; x_wconf 88' lang='lat' dir='ltr'>universo</span> <span class='ocrx_word' id='word_1_263' title='bbox 255 3571 370 3634; x_wconf 86' lang='lat' dir='ltr'>genere</span> <span class='ocrx_word' id='word_1_264' title='bbox 388 3552 550 3616; x_wconf 90' lang='lat' dir='ltr'>dicatur...</span> <span class='ocrx_word' id='word_1_265' title='bbox 840 3541 841 3544; x_wconf 28' lang='lat'>¹</span> 
     </span>
    </p>

    <p class='ocr_par' dir='ltr' id='par_1_11' title="bbox 97 3663 1255 4281">
     <span class='ocr_line' id='line_1_32' title="bbox 137 3663 1251 3743; baseline 0 -18"><span class='ocrx_word' id='word_1_266' title='bbox 137 3664 210 3742; x_wconf 81' lang='lat' dir='ltr'>Gap.</span> <span class='ocrx_word' id='word_1_267' title='bbox 228 3665 265 3724; x_wconf 81' lang='lat'>37</span> <span class='ocrx_word' id='word_1_268' title='bbox 283 3681 290 3723; x_wconf 90' lang='lat'><strong>:</strong></span> <span class='ocrx_word' id='word_1_269' title='bbox 309 3697 346 3708; x_wconf 89' lang='lat'>—·</span> <span class='ocrx_word' id='word_1_270' title='bbox 369 3665 438 3724; x_wconf 88' lang='lat' dir='ltr'>Duo</span> <span class='ocrx_word' id='word_1_271' title='bbox 465 3669 549 3740; x_wconf 93' lang='lat' dir='ltr'>sunt,</span> <span class='ocrx_word' id='word_1_272' title='bbox 565 3681 636 3743; x_wconf 81' lang='lat' dir='ltr'>quae</span> <span class='ocrx_word' id='word_1_273' title='bbox 661 3663 742 3725; x_wconf 88' lang='lat' dir='ltr'>benc</span> <span class='ocrx_word' id='word_1_274' title='bbox 755 3669 889 3726; x_wconf 86' lang='lat' dir='ltr'>tractata</span> <span class='ocrx_word' id='word_1_275' title='bbox 906 3665 946 3727; x_wconf 89' lang='lat' dir='ltr'>ab</span> <span class='ocrx_word' id='word_1_276' title='bbox 960 3669 1097 3740; x_wconf 88' lang='lat' dir='ltr'>oratore,</span> <span class='ocrx_word' id='word_1_277' title='bbox 1114 3664 1251 3725; x_wconf 88' lang='lat' dir='ltr'>admira·</span> 
     </span>
     <span class='ocr_line' id='line_1_33' title="bbox 97 3769 1252 3852; baseline 0.002 -20"><span class='ocrx_word' id='word_1_278' title='bbox 97 3771 195 3833; x_wconf 91' lang='lat' dir='ltr'>bilem</span> <span class='ocrx_word' id='word_1_279' title='bbox 224 3769 437 3849; x_wconf 87' lang='lat' dir='ltr'>eloquentiam</span> <span class='ocrx_word' id='word_1_280' title='bbox 465 3771 604 3834; x_wconf 88' lang='lat' dir='ltr'>faciant:</span> <span class='ocrx_word' id='word_1_281' title='bbox 623 3789 758 3850; x_wconf 91' lang='lat' dir='ltr'>quorum</span> <span class='ocrx_word' id='word_1_282' title='bbox 787 3772 923 3833; x_wconf 90' lang='lat' dir='ltr'>alterum</span> <span class='ocrx_word' id='word_1_283' title='bbox 952 3778 1010 3848; x_wconf 84' lang='lat' dir='ltr'>cst,</span> <span class='ocrx_word' id='word_1_284' title='bbox 1041 3773 1126 3852; x_wconf 91' lang='lat' dir='ltr'>quod</span> <span class='ocrx_word' id='word_1_285' title='bbox 1152 3773 1252 3835; x_wconf 84' lang='lat' dir='ltr'>Graeci</span> 
     </span>
     <span class='ocr_line' id='line_1_34' title="bbox 102 3876 1255 3953; baseline 0.002 -18"><span class='ocrx_word' id='word_1_286' title='bbox 102 3876 241 3938; x_wconf 77' lang='lat' dir='ltr'>c’lltuo&#39;s</span> <span class='ocrx_word' id='word_1_287' title='bbox 256 3882 409 3953; x_wconf 70' lang='lat' dir='ltr'>evocant,</span> <span class='ocrx_word' id='word_1_288' title='bbox 423 3878 463 3937; x_wconf 89' lang='lat' dir='ltr'>ad</span> <span class='ocrx_word' id='word_1_289' title='bbox 480 3883 607 3938; x_wconf 86' lang='lat' dir='ltr'>naturas</span> <span class='ocrx_word' id='word_1_290' title='bbox 622 3882 653 3937; x_wconf 87' lang='lat' dir='ltr'>cl</span> <span class='ocrx_word' id='word_1_291' title='bbox 668 3877 706 3937; x_wconf 92' lang='lat' dir='ltr'>ad</span> <span class='ocrx_word' id='word_1_292' title='bbox 725 3895 828 3939; x_wconf 89' lang='lat' dir='ltr'>mores</span> <span class='ocrx_word' id='word_1_293' title='bbox 846 3879 930 3940; x_wconf 84' lang='lat' dir='ltr'>etad</span> <span class='ocrx_word' id='word_1_294' title='bbox 945 3895 1074 3940; x_wconf 90' lang='lat' dir='ltr'>omnem</span> <span class='ocrx_word' id='word_1_295' title='bbox 1089 3876 1160 3939; x_wconf 80' lang='lat' dir='ltr'>vitae</span> <span class='ocrx_word' id='word_1_296' title='bbox 1178 3895 1255 3939; x_wconf 91' lang='lat' dir='ltr'>con-</span> 
     </span>
     <span class='ocr_line' id='line_1_35' title="bbox 98 3975 1251 4063; baseline -0.003 -15"><span class='ocrx_word' id='word_1_297' title='bbox 98 3985 302 4048; x_wconf 85' lang='lat' dir='ltr'>suetudinem</span> <span class='ocrx_word' id='word_1_298' title='bbox 326 3984 619 4056; x_wconf 82' lang='lat' dir='ltr'>accommodatum3</span> <span class='ocrx_word' id='word_1_299' title='bbox 651 3975 798 4059; x_wconf 86' lang='lat' dir='ltr'>alterum,</span> <span class='ocrx_word' id='word_1_300' title='bbox 818 3985 903 4063; x_wconf 90' lang='lat' dir='ltr'>quod</span> <span class='ocrx_word' id='word_1_301' title='bbox 921 3985 1018 4046; x_wconf 93' lang='lat' dir='ltr'>iidem</span> <span class='ocrx_word' id='word_1_302' title='bbox 1037 4006 1053 4043; x_wconf 86' lang='lat' dir='ltr'>u</span> <span class='ocrx_word' id='word_1_303' title='bbox 1069 3982 1223 4057; x_wconf 74' lang='grc' dir='ltr'>Παθητικόν</span> <span class='ocrx_word' id='word_1_304' title='bbox 1236 4007 1251 4044; x_wconf 86' lang='lat' dir='ltr'>n</span> 
     </span>
     <span class='ocr_line' id='line_1_36' title="bbox 98 4089 1255 4171; baseline -0.004 -17"><span class='ocrx_word' id='word_1_305' title='bbox 98 4089 278 4166; x_wconf 87' lang='lat' dir='ltr'>nominant,</span> <span class='ocrx_word' id='word_1_306' title='bbox 306 4109 370 4170; x_wconf 91' lang='lat' dir='ltr'>quo</span> <span class='ocrx_word' id='word_1_307' title='bbox 400 4089 627 4171; x_wconf 89' lang='lat' dir='ltr'>perturbantur</span> <span class='ocrx_word' id='word_1_308' title='bbox 647 4090 745 4152; x_wconf 90' lang='lat' dir='ltr'>animi</span> <span class='ocrx_word' id='word_1_309' title='bbox 768 4096 799 4152; x_wconf 90' lang='lat' dir='ltr'>et</span> <span class='ocrx_word' id='word_1_310' title='bbox 822 4092 1036 4168; x_wconf 85' lang='lat' dir='ltr'>concitantur,</span> <span class='ocrx_word' id='word_1_311' title='bbox 1058 4092 1092 4153; x_wconf 94' lang='lat' dir='ltr'>in</span> <span class='ocrx_word' id='word_1_312' title='bbox 1114 4107 1177 4170; x_wconf 90' lang='lat' dir='ltr'>quo</span> <span class='ocrx_word' id='word_1_313' title='bbox 1191 4105 1255 4150; x_wconf 90' lang='lat' dir='ltr'>uuo</span> 
     </span>
     <span class='ocr_line' id='line_1_37' title="bbox 100 4199 343 4281; baseline -0.012 -19"><span class='ocrx_word' id='word_1_314' title='bbox 100 4205 212 4281; x_wconf 85' lang='lat' dir='ltr'>regnat</span> <span class='ocrx_word' id='word_1_315' title='bbox 231 4199 343 4260; x_wconf 87' lang='lat' dir='ltr'>oratio.</span> 
     </span>
    </p>

    <p class='ocr_par' dir='ltr' id='par_1_12' title="bbox 141 4303 1256 4386">
     <span class='ocr_line' id='line_1_38' title="bbox 141 4303 1256 4386; baseline -0.003 -19"><span class='ocrx_word' id='word_1_316' title='bbox 141 4307 216 4386; x_wconf 86' lang='lat' dir='ltr'>Gap.</span> <span class='ocrx_word' id='word_1_317' title='bbox 242 4307 305 4366; x_wconf 76' lang='lat'>49:</span> <span class='ocrx_word' id='word_1_318' title='bbox 330 4339 368 4349; x_wconf 94' lang='lat'><em>-</em></span> <span class='ocrx_word' id='word_1_319' title='bbox 394 4305 527 4385; x_wconf 88' lang='lat' dir='ltr'>Semper</span> <span class='ocrx_word' id='word_1_320' title='bbox 549 4304 630 4380; x_wconf 84' lang='lat' dir='ltr'>haec,</span> <span class='ocrx_word' id='word_1_321' title='bbox 648 4322 721 4384; x_wconf 82' lang='lat' dir='ltr'>quae</span> <span class='ocrx_word' id='word_1_322' title='bbox 738 4303 838 4366; x_wconf 84' lang='lat' dir='ltr'>Graeci</span> <span class='ocrx_word' id='word_1_323' title='bbox 861 4304 1023 4365; x_wconf 72' lang='grc' dir='ltr'><strong>«Ἀντίθετα</strong></span> <span class='ocrx_word' id='word_1_324' title='bbox 1039 4330 1054 4366; x_wconf 88' lang='lat' dir='ltr'>n</span> <span class='ocrx_word' id='word_1_325' title='bbox 1077 4303 1256 4379; x_wconf 89' lang='lat' dir='ltr'>nominant,</span> 
     </span>
    </p>
   </div>
   <div class='ocr_carea' id='block_1_7' title="bbox 0 0 1425 4770">
    <p class='ocr_par' dir='ltr' id='par_1_13' title="bbox 0 0 1425 4770">
     <span class='ocr_line' id='line_1_39' title="bbox 0 0 1425 4770; baseline 0 0"><span class='ocrx_word' id='word_1_326' title='bbox 0 0 1425 4770; x_wconf 95' lang='lat' dir='ltr'> </span> 
     </span>
    </p>
   </div>
  </div>
 </body>
</html>
