2790 4770
637 333 838 397 -2-178-
933 425 936 430 .

644 559 704 626 Cap.
719 558 775 620 vn,
793 563 831 610 18.

211 768 292 871 Εμοὶ
315 781 373 873 γάρ
394 804 455 861 τοι,
475 779 534 869 ἔφη,
558 776 661 868 φάναι,
681 774 733 842 καὶ
760 773 788 843 οἱ
807 775 881 862 θεοὶ,
905 772 929 841 ὦ
959 778 1064 878 γύναι,
1089 765 1215 843 δοκοῦσι
1234 777 1314 842 πολὺ

53 937 59 952 ·
157 896 380 997 διεσκεμμένως
408 901 607 996 μάλιστατὸ
638 892 741 994 ζεῦγος
766 911 854 968 τοῦτο
884 900 1101 969 συντεθεικέναι
1129 898 1145 968 ὃ
1172 906 1314 969 καλεῖται

153 1029 229 1106 δῆλυ
243 1029 296 1097 καὶ
317 1024 417 1122 σ’ίρρεν,
437 1029 519 1106 ὅπως
538 1029 587 1093 ἔτι
602 1028 841 1119 ὠφελιμώτατον
859 1023 878 1119 ἦ
900 1031 985 1112 αὑτῷ
1008 1025 1048 1105 εἰς
1069 1030 1123 1103 τὴν
1139 1028 1311 1096 κοινωνίαν.

153 1158 281 1249 Πρῶτον
302 1149 428 1247 μὲνγὰρ
446 1160 491 1238 τῷ
516 1155 557 1243 μή
576 1154 708 1219 ἐκλιπεῖν
730 1143 813 1230 ζώων
830 1152 915 1246 γένη,
930 1160 1022 1220 τοῦτο
1040 1152 1076 1220 τὸ
1094 1144 1198 1245 ζεῦγος
1212 1159 1314 1219 κεῖται

154 1284 219 1372 μετ’
241 1280 381 1353 ἀλλήλων
405 1280 690 1367 τεκνοποιούμενον·
721 1278 830 1345 ἔπειτα
859 1279 894 1344 τὸ
913 1272 1122 1373 γοροέοσκοὺς
1145 1279 1313 1354 κεκτῆσθαι

82 1390 92 1407 ⁴
155 1408 275 1482 ἑαυτοῖς
309 1405 342 1468 ἐκ
368 1403 479 1469 τούτου
507 1411 562 1468 τοῦ
584 1394 706 1494 ζεύγους
734 1411 797 1480 τοῖς
827 1412 899 1497 γοῦν
930 1402 1100 1493 ἀνθρώποις
1131 1396 1310 1496 πορίζεται·

150 1527 263 1596 ἔπειτα
281 1519 317 1593 δέ
335 1526 387 1593 καὶ
407 1533 425 1601 ἡ
444 1517 553 1593 δίαιτα
578 1531 641 1604 τοῖς
672 1526 854 1620 ἀνθρώποις,
873 1530 931 1620 οὐχ
949 1532 1050 1619 ὥσπερ
1071 1533 1135 1606 τοῖς
1155 1531 1312 1615 κτήνεσιν,
1372 1561 1374 1564 ⁴

152 1780 312 1870 μέλλουσιν
330 1775 498 1869 ἀνθρώποις
514 1769 589 1867 ἕξειν
608 1777 670 1862 ὅ,τι
685 1775 860 1870 εἰσφέρωσιν
880 1776 971 1858 είςτὸ
993 1778 1116 1873 στεγνὸν
1140 1779 1218 1875 ἔχειν
1235 1779 1310 1857 τοὺς

151 1899 367 2000 ἐργαζομένους
385 1899 441 1983 τὰς
462 1904 492 1969 ἐν
519 1909 564 1990 τῷ
588 1901 727 1996 ὑπαίθρῳ
753 1902 906 1998 ἐργασίας.
931 1903 996 1972 Καὶ
1019 1901 1077 1998 γὰρ
1107 1905 1226 1991 νεατὸς,
1257 1902 1312 1971 καὶ

753 2027 763 2054 Ι,

151 2030 274 2125 σπόρος,
294 2030 346 2096 καὶ
364 2027 485 2122 φυτεία,
502 2027 554 2095 καὶ
569 2028 672 2121 νομαὶ,
686 2027 831 2121 ὑπαιδρια
848 2023 955 2097 1ταῦτα
969 2029 1042 2122 ἔργα
1062 2027 1164 2097 ἐστίν·
1185 2032 1219 2097 ἐκ
1235 2032 1312 2097 τού-

44 2146 55 2247 '-
151 2183 210 2224 των
226 2146 260 2222 δὲ
278 2153 318 2223 τὰ
333 2145 494 2230 ἐπιτήδεια
511 2152 659 2248 γίγνεται.
689 2156 744 2220 Δεῖ
760 2144 790 2220 δ’
810 2152 860 2240 αὖ,
890 2146 1013 2222 ἐπειδὰν
1038 2165 1139 2224 ταῦτα
1157 2154 1310 2252 εἰσενεχθῇ

69 2341 70 2345 ,
150 2282 191 2361 είς
208 2283 245 2348 τὸ
263 2283 400 2375 στεγνὸν,
420 2279 471 2347 καὶ
491 2289 548 2348 τοῦ
566 2283 733 2365 σώσοντας,
749 2290 865 2367 ταῦτα,
884 2281 938 2347 καὶ
950 2292 1006 2348 τοῦ
1021 2282 1230 2375 ’ἐργασομένου
1246 2272 1311 2349 δ’ἐι

149 2418 209 2476 τῶν
231 2415 365 2502 στεγνῶν
389 2393 470 2499 ἔργα
493 2398 624 2500 δεόμενοί
654 2410 730 2474 ἐστι.
762 2409 901 2501 Στεγνῶν
931 2399 966 2473 δέ
994 2398 1095 2475 δεῖται
1119 2407 1171 2476 καὶ
1199 2414 1219 2484 ἡ
1247 2414 1310 2476 τῶν

151 2540 279 2626 νεογνῶν
303 2535 415 2601 τέκνων
444 2522 670 2626 παιδοτροφία,
691 2540 824 2626 στεγνῶν
855 2521 965 2599 δὲκαὶ
990 2532 1022 2599 αἱ
1049 2535 1084 2600 ἐκ
1103 2543 1159 2600 τοῦ
1186 2544 1310 2629 καρποῦ

111 2708 115 2715 1
151 2653 319 2725 σιτοποιίαι
345 2647 485 2726 δέονται·
513 2659 659 2735 ὡσαύτως
689 2648 723 2723 δὲ
742 2658 793 2724 καὶ
811 2662 830 2732 τί
851 2667 905 2736 τῆς
924 2656 1049 2737 ἐσθῆτος
1074 2666 1109 2727 ἐκ
1134 2669 1194 2725 τῶν
1221 2661 1317 2753 ἐρίων·

154 2782 291 2878 ἐργασία.
308 2767 386 2850 Επεὶ
409 2773 437 2848 δ’
456 2782 615 2876 ἀμφύτερα
633 2792 735 2849 ταῦτα
759 2783 811 2850 καὶ
830 2783 925 2877 ἔργων
944 2785 997 2852 καὶ
1017 2783 1191 2876 ἐπιμελείας
1209 2776 1311 2854 δεῖται

154 2911 195 2977 τά
213 2936 245 2977 τε
261 2901 346 2976 ἔνδον
362 2907 414 2975 καὶ
432 2904 475 2973 τὰ
498 2902 567 2993 ἔξω,
585 2907 637 2974 καὶ
655 2912 711 2984 τὴν
732 2910 833 2999 φύσιν,
849 2908 954 3000 φάναι,
974 2910 1059 2989 εὐθὺς
1080 2916 1308 3006 παρεσκεύασεν

154 3040 169 3101 ὁ
189 3034 266 3120 θεὸς,
287 3041 325 3113 ὡς
343 3035 409 3128 ἐμοὶ
427 3022 525 3116 δοκεῖ,
548 3035 603 3108 τὴν
624 3038 678 3125 μὲν
698 3043 751 3112 τῆς
771 3036 913 3129 γυναικὸς
932 3037 981 3103 ἐπὶ
1001 3034 1041 3103 τὰ
1058 3027 1143 3105 ἔνδον
1167 3039 1241 3134 ἔργα
1255 3042 1311 3109 καὶ

152 3161 388 3250 ἐπιμελοίματα,
408 3161 462 3232 τὴν
481 3148 515 3223 δὲ
543 3165 600 3224 τοῦ
628 3148 736 3249 ἀνδρὸς
762 3159 811 3226 ἐπὶ
832 3156 872 3225 τέι
897 3152 954 3237 ἔξω
976 3162 1050 3254 ἔργα
1081 3161 1134 3228 καὶ
1157 3168 1307 3253 ἐπιμελοί-

153 3267 340 3376 ματαρίγη
360 3279 488 3376 μὲνγὰρ
517 3280 569 3348 καὶ
593 3280 694 3356 θάλπη
710 3283 762 3349 καὶ
783 3275 963 3379 ὁδοιπορίας
987 3285 1039 3352 καὶ
1065 3289 1230 3376 στρατείας
1252 3302 1309 3359 τοῦ

154 3398 266 3501 ἀνδρὸς
290 3407 325 3472 τὸ
351 3417 442 3498 σῶμα
465 3407 517 3473 καὶ
544 3407 598 3481 τὴν
629 3401 728 3498 ψυχὴν
749 3411 863 3499 μᾶλλον
894 3399 1042 3476 δύνασθαι
1065 3420 1222 3506 καρτερεῖν
1248 3441 1310 3482 κα-

153 3536 348 3600 τεσκεύασεν·
376 3537 454 3601 ὥστε
487 3529 527 3598 τὰ
554 3524 613 3608 ἔξω
642 3525 782 3609 ἐπέταξεν
817 3535 900 3619 αύτῷ
930 3532 1025 3628 ἔργα·
1050 3545 1089 3628 τῇ
1121 3528 1159 3602 δὲ
1183 3540 1309 3632 γυναικὶ

150 3657 243 3734 ᾖσσον
259 3660 296 3726 τὸ
314 3669 403 3751 σῶμα
434 3649 563 3726 δυνατὸν
583 3656 659 3752 πρὸς
686 3666 786 3725 ταῦτα
803 3660 910 3750 φύσας,
929 3656 970 3726 τὰ
994 3652 1081 3728 ἔνδον
1107 3663 1182 3759 ἔργα
1211 3669 1307 3761 αὐτῇ,

150 3785 243 3878 φάναι
260 3786 328 3879 ἔφη,
349 3776 522 3877 προστάξαι
550 3809 603 3872 μοι
623 3773 710 3848 δοκεῖ
732 3785 748 3849 ὁ
767 3781 843 3860 θεός.
866 3774 967 3864 Εἰδὼς
995 3776 1032 3854 δέ
1057 3789 1107 3854 ὅτι
1129 3792 1310 3884 τῇγυναικὶ

151 3912 203 3980 καὶ
218 3913 338 4002 ἐνέφυσε
356 3910 408 3976 καὶ
422 3900 592 4002 προσέταξε
609 3912 664 3980 τὴν
685 3917 745 3974 τῶν
761 3916 888 4001 νεογνῶν
909 3911 1023 3975 τέκνων
1038 3913 1167 4004 τροφὴν,
1182 3913 1235 3979 καὶ
1250 3925 1310 3982 τοῦ

151 4041 284 4131 στέργειν
303 4033 345 4103 τὰ
368 4029 476 4128 νεογνὰ
497 4033 591 4124 βρέφκ
611 4038 714 4098 πλεῖον
738 4036 817 4127 αὐτῇ
838 4023 974 4100 ἐδάσατο
996 4032 1014 4109 ἢ
1039 4043 1083 4121 τῷ
1104 4027 1204 4131 ἀνδρί.
1229 4027 1310 4107 Επεὶ

153 4154 257 4256 δὲκαὶ
278 4164 313 4229 τὸ
342 4159 507 4254 φυλάττειν
532 4155 573 4224 τὰ
591 4156 797 4249 εἰσενεχθέντα
823 4169 862 4232 τῆ
887 4159 1008 4252 γυναικὶ
1028 4156 1210 4253 προσέταξε,
1237 4188 1310 4259 γιγ-

150 4284 274 4355 νύσκων
292 4291 308 4354 ὁ
324 4286 401 4370 θεὸς,
418 4287 467 4352 ὅτι
481 4283 556 4375 πρὸς
576 4284 613 4351 τὸ
630 4283 795 4375 φυλάττειν
814 4285 848 4349 ού
868 4282 974 4351 κάκιόν
995 4287 1061 4353 ἐστι
1079 4282 1210 4383 φούερέιν
1231 4285 1309 4360 εἶναι
