2790 4770
450 836 664 951 INDEX
716 837 954 952 RERUM

381 1079 454 1140 QUAE
472 1080 692 1134 CONTINENTUR
711 1085 743 1134 ΙΝ
761 1082 825 1134 HOC
843 1082 1015 1134 VOLUMINE.

637 1309 761 1336 ⁴000-

118 1571 291 1622 Pnoournun.

118 1656 206 1704 tnesis
219 1665 387 1721 argumentum
401 1666 425 1705 et
443 1657 543 1722 partitio
547 1690 925 1709 ......................
938 1699 941 1704 .
954 1691 1195 1707 ...............
1267 1658 1281 1704 3

647 1881 749 1901 -οοσ-

599 2117 680 2169 PARS
696 2117 798 2169 PRIOR.

189 2287 222 2322 DE
239 2287 269 2324 Μ,
290 2288 386 2326 nuncto
405 2287 536 2327 ClGERONR
555 2287 720 2327 cunutntuus
737 2285 861 2325 GdRfflNA
881 2286 1036 2325 GRAEGORUH
1054 2287 1208 2327 VERTENTR.

666 2442 730 2450 ...—

118 2591 186 2640 Cnn.
206 2591 225 2639 l.
281 2619 308 2626 -
327 2589 391 2650 Quid
402 2591 432 2639 de
441 2590 474 2638 Μ.
489 2589 570 2639 Tullio
583 2597 655 2654 poeta
669 2585 787 2636 senserint
798 2585 892 2652 antiqui
898 2622 971 2637 .....
982 2623 989 2654 .·
999 2621 1189 2640 ............
1264 2593 1278 2638 5

118 2673 187 2722 Car.
205 2672 237 2722 ΙΙ.
278 2703 309 2710 -
328 2673 454 2733 Quomodo
470 2683 563 2723 veteres
584 2682 677 2738 poetae,
694 2671 789 2721 Graecos
806 2671 989 2736 interpretando
1004 2681 1047 2721 aut
1066 2671 1193 2736 imitando,

370 2773 504 2807 sermonem
514 2757 617 2808 tatinum
625 2755 703 2806 ditare
712 2754 847 2805 voluerint?
856 2754 1029 2805 Dcvcrbcrum
1038 2753 1102 2805 inter
1114 2771 1138 2805 se
1152 2772 1194 2806 co-

372 2840 537 2905 pulationibus
543 2873 1189 2892 .......................................
1263 2845 1289 2907 't⁸

119 2924 188 2974 Gne.
207 2921 251 2973 tlt.
278 2952 309 2959 -
328 2922 362 2972 Dc
376 2925 457 2989 graecis
466 2924 606 2975 nominibus
617 2934 641 2974 et
652 2924 683 2974 de
695 2923 774 2974 vcrbis
783 2923 873 2988 junctis
885 2933 994 2974 veterum
1006 2933 1133 2990 poetarum
1142 2941 1196 2991 quae

370 3008 483 3074 leguntur
498 3009 563 3074 apud
576 3008 717 3058 Ciceronem
728 3042 1191 3062 ............................
1250 3012 1279 3061 18

116 3093 185 3142 CAP.
204 3091 246 3142 IV.
278 3122 309 3133 -
329 3093 356 3143 L.
371 3092 506 3141 Andronici
521 3090 630 3159 Odysseae
640 3092 864 3158 EnniiqueMcdcae
876 3091 1016 3157 fragmenta.
1029 3091 1094 3152 Quid
1107 3092 1137 3142 de
1149 3093 1196 3142 illis

370 3185 454 3242 utpote
468 3176 606 3226 Graecorum
620 3177 793 3242 interpretibus
807 3176 961 3226 sentiendum
975 3177 1026 3226 sit?
1032 3212 1190 3229 ..........
1245 3181 1278 3230 tt

114 3261 184 3329 Cur.
205 3261 234 3310 V.
277 3291 308 3298 -
327 3261 412 3311 Utrum
427 3261 507 3310 Attius
521 3277 552 3311 an
567 3261 653 3322 Cicero
667 3261 693 3310 in
706 3260 810 3311 latinum
826 3261 926 3311 vertorit
939 3261 994 3310 loca
1008 3261 1051 3310 uhi
1065 3261 1196 3327 Sophocles

332 3340 335 3346 ’
369 3356 394 3396 et
407 3346 536 3413 AEsehylus
552 3348 713 3397 lamentantes
726 3348 847 3397 inducunt
860 3346 1005 3397 Promethea
1017 3356 1042 3396 ct
1055 3348 1192 3397 Herculem.
1246 3350 1278 3398 45

111 3432 184 3481 Can.
205 3430 246 3480 Vl.
275 3461 307 3469 -
327 3431 465 3482 Graecorum
478 3441 605 3498 poetarum
618 3432 667 3482 loci
681 3449 694 3481 a
709 3431 742 3484 Μ.
758 3432 786 3480 Τ.
800 3431 917 3481 Cicerone
929 3431 1083 3497 interpretati
1086 3466 1190 3484 .......
1246 3435 1277 3483 48

112 3516 181 3566 Cur.
205 3514 256 3566 VH.
275 3545 308 3555 -
325 3517 360 3567 De
374 3517 440 3583 poesi
452 3517 555 3567 acdcre
564 3517 722 3567 metricaaL.
731 3517 870 3567 Andronico
882 3517 997 3582 usquead
1009 3516 1194 3567 Ciceronem.-

370 3599 405 3649 De
418 3609 522 3650 accentu
536 3617 564 3650 ae
577 3600 698 3666 prosodia.
709 3628 738 3638 -
750 3600 913 3650 Constituitur
927 3599 1064 3649 carminum
1077 3599 1195 3665 perfectio

369 3695 442 3752 atquc
462 3685 581 3736 absolutio
599 3686 666 3752 apud
684 3686 808 3736 Maronem
826 3695 850 3735 et
868 3685 1005 3737 Horatium.
1025 3712 1054 3723 -
1069 3685 1194 3747 Quomodo

368 3771 405 3820 illi
419 3770 558 3821 Graecorum
571 3770 705 3821 imitatores
721 3771 895 3839 interpretesve
908 3771 1035 3839 proprium
1048 3770 1140 3837 ingenii
1153 3789 1195 3822 co·

367 3855 444 3906 lorem
457 3848 603 3906 retinuerint
613 3890 1187 3908 ..................................
1230 3859 1274 3908 106

644 4080 748 4102 -400-
