2790 4770
588 286 789 360 -2817

111 427 200 492 tandi
212 429 414 508 approbaret.
436 430 546 508 ltaque
562 446 612 490 res
626 427 818 490 inusitatasa
832 445 865 489 se
878 424 1004 489 tractari
1017 440 1102 503 saepe
1114 436 1262 485 commc—
1336 404 1342 416 ’

113 535 259 608 muravit,
285 535 471 614 veniamque
491 535 582 614 petiit
595 536 704 597 utendi
725 557 741 594 (1
762 535 866 596 verbis
884 533 1045 595 interdum
1064 527 1257 590 inauditis.»

113 642 213 705 Dabat
225 649 257 705 et
269 643 405 720 Atticus,
417 651 453 707 nt
467 646 583 707 Graecis
599 644 696 708 etiam
709 651 849 708 uteretur
863 645 914 726 (1).
930 641 993 706 Sed
1012 663 1027 700 r
1043 641 1138 702 latine
1154 639 1257 719 loqui»

106 752 223 828 noluit,
247 755 296 816 vel
322 771 422 834 quum
447 755 543 818 latina
566 756 671 834 ipsum
698 754 879 829 delicerent,
900 753 961 814 nisi
988 753 1021 813 in
1040 748 1262 831 hujuscemodi

114 859 229 935 verbis,
245 878 316 940 quae
331 861 429 923 modo
443 861 648 941 protulimus.

153 969 226 1030 Jam
238 968 411 1032 videndum
426 975 473 1032 est
487 989 558 1050 quae
577 972 640 1035 sint
654 972 708 1033 illa
723 972 819 1034 verba
831 971 983 1033 inaudita.

154 1188 186 1246 2⁰
200 1184 285 1246 Nova
300 1187 401 1248 verda.
421 1222 458 1233 -
474 1186 618 1251 Ciceroni
631 1188 765 1250 verbum
778 1186 924 1249 Latinum
943 1183 1118 1266 inquirenti
1133 1202 1196 1264 quo
1212 1201 1270 1264 op·

116 1291 193 1354 time
203 1293 396 1372 exprimatur
409 1296 554 1358 Graecum
571 1319 586 1355 11
596 1296 730 1378 Repetit<
739 1317 754 1353 o
773 1294 911 1358 occurrit
925 1298 1141 1357 «cicerculis».
1154 1293 1269 1355 Abillo

116 1403 223 1460 autem
244 1419 259 1455 1
272 1400 410 1462 Soritrsn
429 1401 601 1480 accipitur;
632 1424 648 1460 «
662 1406 697 1463 ut
712 1401 798 1462 enim
819 1402 887 1480 ipsa
901 1401 1108 1478 Philosophia
1124 1404 1155 1460 et
1169 1399 1270 1461 multa

117 1507 213 1570 verba
223 1509 418 1584 Graecorum,
433 1508 479 1570 sic
495 1511 616 1572 Sorites
631 1510 706 1573 satis
727 1511 826 1573 latino
848 1528 997 1572 sermone
1011 1509 1103 1571 tritus
1120 1516 1167 1571 est
1182 1509 1235 1590 (2).
1251 1530 1265 1566 u

116 1617 444 1689 —Quemadmodum
465 1618 549 1679 haud
570 1619 663 1680 facile
688 1616 838 1680 aGraeeis
861 1616 1014 1679 vocabula
1033 1622 1206 1689 mutuatur,
1226 1615 1271 1676 ita

116 1723 261 1785 nondum
279 1724 425 1787 exaudita
440 1745 459 1787 a
472 1726 594 1788 civibus
606 1725 670 1787 suis
682 1724 780 1786 latina
795 1724 885 1803 fingit
895 1722 1021 1784 invitus,
1034 1721 1220 1802 Aliquoties,
1235 1726 1272 1782 ut

117 1833 178 1911 ipsi
193 1834 287 1895 detur
303 1835 440 1896 audendi
455 1835 597 1909 facultas,
617 1851 650 1895 se
668 1850 749 1895 nova
764 1838 887 1894 tentare
910 1850 975 1893 non
996 1831 1195 1891 dissimulat:
1212 1847 1272 1890 sae-

118 1941 188 2018 pius
203 1946 321 2015 autem,
339 1941 427 2020 quasi
443 1941 647 2003 excusatione
670 1940 754 2020 apud
769 1941 934 2013 lectorem,
952 1939 999 2000 vel
1018 1956 1083 1999 non
1098 1937 1267 2012 monitum,

118 2066 182 2110 non
195 2054 295 2128 egeat,
310 2050 466 2112 inusitatis
481 2051 582 2112 utitur
595 2051 710 2126 verbis,
726 2055 821 2128 atque
840 2047 885 2110 ita
899 2048 1007 2123 elficit,
1028 2053 1063 2108 ut
1076 2047 1135 2107 illa'
1149 2045 1271 2107 nemini

118 2155 244 2234 penitus
260 2174 391 2219 noscere
406 2159 580 2239 contingat.
603 2161 648 2221 lla
662 2176 712 2222 res
735 2159 848 2220 saltem
861 2158 1001 2218 multum
1021 2154 1218 2237 difficultatis
1238 2162 1270 2218 et

118 2261 235 2324 laboris
246 2263 353 2326 habet.
371 2268 437 2345 Ego
451 2265 612 2346 equidem,
629 2272 664 2328 ut
677 2266 738 2329 iste
752 2264 854 2326 nodus
874 2266 1016 2345 quodam
1030 2266 1127 2326 modo
1141 2265 1273 2342 expedi·

118 2374 215 2441 retur,
232 2369 359 2447 quaesivi
370 2375 476 2432 utrum
487 2371 626 2432 eademe
635 2371 736 2448 patria
747 2369 875 2431 dicendi
884 2369 1114 2432 consuetudine
1122 2376 1270 2449 excerpta

117 2477 191 2553 sint,
210 2494 309 2539 necne
326 2498 333 2539 :
352 2478 475 2557 optima
488 2480 619 2559 quippe,
645 2483 785 2557 utputo,
802 2478 969 2540 veritatem
991 2476 1202 2557 investigandi
1224 2496 1271 2539 ra-

116 2582 204 2644 tione
214 2601 337 2659 usurus,
350 2586 375 2645 si
391 2587 461 2665 quis
475 2593 548 2649 ante
563 2586 760 2658 Ciceronem,
773 2584 965 2664 quibusdam
974 2586 1187 2666 Philosophiae
1198 2605 1271 2667 par·
1376 2631 1377 2634 ¹

118 2686 375 2768 tibus.tractatiS‚
399 2692 578 2770 posteritati
596 2697 840 2754 monumentum
860 2693 1051 2771 reliquisset.
1069 2694 1172 2766 Quum
1196 2711 1271 2755 vero

118 2790 199 2854 illud
212 2813 271 2856 nos
284 2797 417 2873 deficiat,
435 2817 499 2860 non
513 2797 603 2878 potui
617 2817 683 2860 non
698 2797 731 2858 in
743 2816 850 2860 errore
862 2803 893 2859 et
905 2798 940 2858 in
956 2799 1129 2860 multarum
1142 2815 1267 2872 vocum,

120 2915 158 2960 ex
173 2918 237 2980 quo
250 2902 337 2965 fonte
352 2905 477 2980 cadant,
501 2903 699 2984 ignoratione
715 2904 844 2965 versari.
871 2905 961 2965 Alter
987 2904 1112 2966 doctior
1129 2921 1208 2981 opus
1223 2903 1272 2963 in-

119 3005 270 3067 choatum
284 3007 416 3087 castiget
430 3027 467 3071 ac
482 3009 635 3087 perticiat.

160 3115 340 3194 Utcumque
362 3117 487 3179 erudito
507 3119 574 3179 viro
593 3118 672 3180 illud
695 3119 799 3180 facere
820 3117 1011 3198 ingredienti
1036 3116 1195 3193 succedet,
1222 3115 1271 3177 iu-

120 3222 250 3285 dustriae
265 3225 440 3302 plurimum
453 3228 487 3288 in
502 3229 654 3290 Cicerone
668 3228 763 3289 fuisse
779 3227 850 3308 quis
864 3246 929 3289 non
943 3227 1115 3290 fatebitur?
1128 3228 1273 3289 Declarat

31 3312 37 3321 ’
121 3330 207 3392 enim
226 3333 398 3396 multitudo
417 3335 597 3412 verborum,
615 3340 775 3415 quaesunt
798 3352 879 3396 nova
894 3341 949 3398 aut
965 3354 1002 3397 ex
1022 3335 1092 3396 aliis
1109 3339 1271 3398 translata.

119 3441 176 3502 llla
189 3441 330 3519 primum
346 3443 379 3503 in
396 3444 541 3505 ordinem
556 3444 746 3524 redigamus.

159 3551 242 3611 Ante
255 3550 362 3612 omnia
372 3568 390 3611 a
399 3552 513 3612 ceteris
522 3551 731 3613 discernenda
742 3556 816 3613 sunt
825 3551 978 3613 vocabula
988 3553 1072 3631 apud
1086 3552 1272 3615 Ciceronem

118 3651 189 3722 ἅπαξ
204 3653 331 3734 εἰρημένα
346 3653 399 3735 (3).
413 3657 488 3716 Haeo
504 3661 612 3718 autem
626 3656 788 3734 praecipue
803 3657 909 3718 notavi
924 3676 931 3717 :

151 3935 188 3999 (l)
207 3931 321 3983 Academ.
336 3933 357 3993 l,
370 3939 393 3986 ἵ.

153 4018 190 4084 (2)
203 4020 240 4066 De
251 4018 334 4069 Dicin.
349 4019 381 4085 ll,
397 4023 420 4071 1.

151 4105 188 4171 (3)
205 4105 249 4156 llh
260 4105 359 4172 quidem
370 4106 391 4156 si
406 4101 464 4157 velis
474 4105 549 4170 scire,
567 4106 632 4156 uude
646 4115 759 4173 excerpta
772 4105 830 4166 sint,
845 4105 952 4156 indicem
964 4122 1046 4156 meum
1060 4105 1273 4158 Graeco-Latinum

117 4194 214 4244 evolem
226 4209 323 4261 precor.
