2790 4770
396 359 416 393 ο
616 360 794 422 ...76-

234 497 417 603 Ιῖπτάποροι
431 500 467 583 θὲ
481 513 568 606 ταίγε
588 517 656 603 μετ’
673 511 848 602 ἀνθρώπους
866 500 1020 596 θθέονται,

235 627 272 712 ἓξ·
283 627 345 700 οἷαί
359 660 414 728 περ
437 639 539 704 ἐοῦσαι
551 634 676 728 ἐπόψιαι
694 636 905 729 ὀφθαλμοῖσιν.

233 760 281 824 Οὐ
296 760 350 850 μέν
361 786 426 840 πως
442 762 600 831 ἀπόλωλεν
615 763 747 840 ἀπευθὴς
765 765 799 828 ἐκ
814 760 882 841 Διὸς
897 760 1012 852 ἀστὴρ,

235 875 267 960 ἐξ
286 882 321 953 οὗ
345 886 398 953 καὶ
410 888 547 981 γενεῆθεν
563 890 725 983 ἀκούομεν,
741 884 822 954 ἀλλά
837 886 910 979 μαλ’
925 892 1023 966 αὕτως
1040 905 1042 909 ’

235 1006 358 1104 ε’ίρεται.
377 996 469 1080 Ἑπτὰ
484 1005 513 1079 θ’
531 1017 640 1081 ἐκεῖναι
659 1005 824 1107 ἐπιρρήδην
845 1015 1005 1083 καλέονται
1078 1034 1080 1039 ·

233 1122 375 1210 Ᾰλκυόνη
397 1137 529 1230 Μερόπη
547 1165 580 1205 τε
597 1143 737 1207 Κελαινώ
754 1143 783 1207 τ’
797 1125 940 1233 ΙΙλέκτρη
962 1167 996 1208 τε

233 1260 286 1327 καὶ
299 1261 435 1354 Στερόπη
454 1263 506 1330 καὶ
524 1266 667 1359 Τηϋγέτη
684 1264 735 1331 καὶ
749 1265 859 1333 πότνια
874 1268 975 1335 Μαῖα.

234 1386 273 1455 Αἱ
290 1386 343 1480 μὲν
359 1393 441 1479 ὁμῶς
461 1387 562 1482 ολίγαι
580 1391 632 1458 καὶ
651 1392 806 1486 ἀφεγγέες,
824 1393 893 1458 ἀλλ’
910 1392 1081 1484 ὀνομασταὶ

128 1511 190 1580 265
229 1505 281 1604 ἦρι
295 1511 347 1579 καὶ
368 1515 516 1606 ἑσπέριαι,
529 1515 602 1593 Ζεὺς
620 1505 650 1580 θ’
668 1515 777 1599 α’ίτιος,
791 1514 987 1598 εἱλίσσονται,

233 1638 251 1701 ό
269 1661 354 1729 σρισι
368 1638 419 1704 καὶ
436 1638 535 1732 θέρεος
557 1640 608 1709 καὶ
626 1639 776 1735 χείματος
796 1643 978 1735 ἀρχομένοιο

233 1761 387 1855 σημαίνειν
403 1763 555 1831 ἐκέλευσεν
571 1767 771 1857 ἐπερχομένου
787 1766 818 1832 τ’
834 1765 971 1857 ἀρότοιο.

233 1886 298 1955 Καὶ
313 1889 415 1967 Χελυς
427 1893 476 1966 ἥτ’
490 1890 598 1984 ὀλίγη·
616 1892 671 1965 τὴν
685 1887 744 1985 γὰρ
760 1895 789 1958 τ’
801 1891 846 1959 ἔτι
860 1889 913 1959 καὶ
926 1888 1012 1984 παρὰ
1027 1891 1120 1980 λίκνῳ
1196 1909 1197 1912 ’

232 1997 363 2107 Ερμείης
382 2014 521 2105 έτόρησε,
540 2016 641 2108 Λόρην
657 2004 692 2084 θέ
712 2039 762 2107 μιν
781 2011 843 2082 εἷπε
859 2016 1012 2110 λέγεσθαι,

126 2160 194 2229 ²7⁰
233 2129 294 2204 κάθ
309 2128 339 2203 θ’
357 2138 442 2208 ἔθετο
461 2140 665 2234 προπάροιθεν
684 2141 828 2221 ἀπεοθέος
847 2132 986 2210 εἰδώλοιο

231 2264 357 2352 οὐρανὸν
372 2263 555 2360 εἰσαγαγών.
575 2268 620 2333 Τὸ
636 2257 666 2332 θ’
685 2268 736 2334 ἐπὶ
753 2271 907 2334 σκελέεσσι
921 2271 1056 2343 πέτηλον
1089 2313 1092 2319 ·

229 2387 356 2482 γοόνατί
374 2388 402 2456 οἱ
422 2400 518 2479 σκαιῷ
534 2389 659 2458 πελάει·
680 2396 797 2481 κεφαλή
817 2419 852 2486 γε
872 2395 926 2486 μὲν
943 2390 1021 2487 ἀκρη

230 2579 282 2636 Hae
294 2586 401 2650 septem
414 2579 493 2651 vulgo
507 2576 690 2651 perhibentur
703 2595 782 2638 more
796 2590 906 2639 vetusto
970 2607 973 2611 ·

231 2667 328 2735 stellae,
343 2677 494 2740 cernuntur
506 2685 570 2725 vero
585 2684 631 2724 sex
644 2669 766 2740 undique
781 2685 880 2741 parvae.

231 2763 268 2815 At
282 2774 340 2814 non
351 2757 486 2815 interiisse
495 2751 586 2832 putari
595 2760 723 2815 convenit
731 2776 833 2828 ‚unam3

230 2847 278 2906 sed
292 2846 395 2905 frustra
407 2857 513 2905 temere
526 2864 542 2905 a
556 2849 638 2922 vulgo
650 2849 758 2906 ratione
772 2851 832 2907 sinc
845 2852 899 2909 ulla

229 2945 337 3010 septem
350 2936 446 3006 dicier,
455 2946 487 2993 ut
497 2946 603 2994 veteres
616 2946 737 3007 statuere
751 2947 851 3011 poetae,

229 3035 334 3085 aetemo
347 3036 460 3083 cunctas
472 3041 530 3082 aero
541 3027 587 3098 qui
602 3027 716 3085 nomine
731 3025 866 3099 dignant(
883 3033 904 3097 l,

229 3117 364 3192 Alcyone,
378 3119 556 3188 Meropeque,
567 3117 687 3187 Celaen0,
703 3118 890 3190 Taygeteque,

228 3207 345 3277 Electra,
361 3210 539 3279 Steropequc‚
552 3208 633 3263 simul
645 3208 817 3264 sanctissima
831 3207 913 3270 Maia.

228 3298 280 3354 Hae
291 3305 389 3352 tenues
405 3311 487 3367 parvo
503 3295 624 3353 labentes
639 3296 745 3353 lumine
759 3299 867 3368 lucent3

230 3395 259 3442 at
271 3401 403 3459 magnum
414 3402 518 3441 nomen
531 3385 601 3458 signi
614 3387 777 3459 clarumque
791 3397 914 3460 vocatur,

229 3481 375 3546 propterea
389 3472 465 3545 quod
477 3482 505 3530 et
518 3472 623 3530 aestatis
638 3473 786 3544 praecordia
802 3475 918 3542 clarat,.-

228 3571 337 3636 etpost,
354 3561 462 3619 hiberni
479 3560 660 3635 praepandens
671 3564 806 3634 temporis
820 3572 906 3632 ortus

229 3650 361 3708 admonet
374 3660 405 3708 ut
420 3651 553 3708 mandent
564 3652 695 3709 mortales
709 3653 816 3709 semina
831 3654 921 3709 terris.

228 3740 295 3798 lude
305 3740 386 3799 Fides
397 3742 493 3798 leviter
503 3741 589 3813 posita
600 3749 628 3797 et
642 3757 763 3799 convexa
776 3742 893 3811 videtur,

229 3831 383 3888 Mercurius
398 3830 488 3902 parvis
499 3831 536 3903 (2)
553 3831 683 3888 manibus
695 3847 779 3904 quam
793 3830 894 3887 dicitur
908 3831 974 3887 olim

231 3919 260 3977 in
275 3921 353 3977 cunis
365 3919 526 3991 fabricatus,
540 3921 569 3977 in
581 3920 634 3978 ulta
644 3922 709 3979 sede
722 3922 837 3979 locasse.

158 4120 193 4185 (l)
211 4142 223 4162 «
237 4119 359 4184 Signanti·
375 4118 480 4169 Grotius.

159 4205 195 4270 (2)
215 4225 228 4248 a
245 4204 336 4254 Parrus
446 4203 569 4254 infirmis..
588 4227 599 4246 »ι
617 4203 666 4253 ed.·
685 4202 707 4254 J.
731 4203 761 4253 V.
784 4205 895 4270 Leclerq.
912 4206 1004 4255 :Sed
1030 4204 1109 4255 Grotii
1129 4215 1154 4256 et
1176 4206 1284 4260 aliorum

125 4287 337 4338 emendatiorem
356 4287 461 4349 videtur,
486 4289 552 4354 quod
565 4287 679 4338 Aratus:
706 4291 796 4354 »παρὰ
813 4290 900 4354 λίκνῳ,
917 4313 929 4332 α
951 4289 1111 4357 Apollodorus
1129 4290 1182 4354 llll,
1201 4297 1238 4352 10,
1256 4294 1284 4361 2)

124 4395 136 4418 ν
151 4373 189 4426 ἐπὶ
202 4379 247 4424 τοῦ
261 4374 355 4434 λίκνον,
370 4397 383 4417 ο
395 4402 427 4412 -
440 4374 570 4439 Lucienus,
585 4397 597 4416 α
610 4373 635 4425 ἐν
650 4373 702 4430 τοῖς
714 4373 862 4442 σπαργάνοις
879 4398 891 4416 ο
904 4374 989 4426 dicunt
1002 4373 1106 4441 (Oceli-l.
