2790 4770
554 305 755 371 -169-

241 502 304 566 Cic,
322 503 458 566 Tusculum,
474 507 493 567 1,
510 524 564 576 cap.
579 512 621 570 23,
637 519 662 561 et
674 508 705 560 de
717 509 816 582 Repud,
831 510 873 573 vl,
888 527 942 578 cap.
963 515 992 562 18
1005 511 1049 577 (i).

108 648 121 674 «ν
132 623 215 698 Quod
233 641 341 698 semper
359 635 496 695 movetur,
511 638 647 686 aeternum
662 638 711 686 est.
728 630 807 704 Quod
827 639 920 688 autem
942 640 1052 689 motum
1070 631 1155 688 affert
1173 629 1226 687 ali·

66 716 131 785 cui,
144 715 274 788 quodque
286 716 378 786 ipsum
388 717 508 790 agitatur
523 718 648 790 aliunde,
664 720 776 791 quando
790 720 876 777 tinem
890 720 972 777 habet
991 727 1100 791 motus,
1117 717 1224 776 vivendi
1299 733 1306 746 ·

68 808 155 865 finem
166 807 267 864 habeat
277 824 391 866 necesse
401 818 451 867 est.
463 811 558 867 Solum
572 811 655 884 igitur
666 812 775 884 quodse
788 813 881 886 ipsum
890 822 993 877 movet,
1008 813 1070 885 quia
1081 826 1224 884 nunquam

66 897 207 955 deseritur
221 915 236 954 a
251 913 294 964 se,
311 916 453 973 nunquam
471 917 507 958 ne
521 896 629 958 moveri
646 901 760 976 quidem
781 903 900 971 desinit,
921 903 988 976 quin
1005 902 1089 963 etiam
1108 900 1225 966 ceteriS,

66 1006 131 1062 quaa
144 1002 303 1061 moventur,
314 990 359 1046 hic
369 989 443 1059 fons,
456 991 509 1050 hoc
521 991 686 1064 prinprium
698 1001 740 1049 est
751 992 888 1051 movendi.
901 991 1031 1064 Principii
1043 999 1136 1047 autem
1151 991 1225 1048 nulla

66 1089 110 1136 est
123 1081 211 1154 origo.
231 1082 303 1137 Nam
316 1096 332 1136 e
347 1079 479 1154 principio
496 1082 626 1138 oriuntur
643 1082 752 1152 omnia,
772 1082 864 1155 ipsum
882 1092 976 1139 autem
991 1084 1067 1140 nuiia
1082 1101 1116 1140 ex
1130 1080 1224 1138 realia

66 1172 145 1230 nasci
160 1180 261 1244 potest.
277 1175 335 1234 Nec
350 1172 426 1230 enim
445 1180 516 1229 essct
535 1172 717 1245 principium,
738 1171 813 1245 quod
827 1172 989 1246 gigneretur
1006 1171 1128 1230 aliunde.
1144 1169 1223 1241 Quod

65 1261 89 1319 si
103 1277 249 1335 nunqnam
259 1262 360 1330 oritur,
375 1277 410 1318 ne
420 1261 521 1320 occidit
531 1261 642 1335 quidem
652 1279 786 1335 unquam.
797 1265 868 1319 Nam
880 1263 1044 1336 principium
1055 1261 1224 1319 exstinctum

66 1366 120 1408 nec
134 1351 225 1424 ipsum
239 1352 273 1408 ab
285 1351 340 1425 aiio
352 1360 523 1422 renascetur,
542 1367 593 1407 nec
607 1367 623 1408 a
638 1367 667 1408 se
681 1349 757 1408 aliud
772 1351 887 1419 creabit,
902 1350 1040 1425 siquidem
1054 1365 1167 1408 necessa
1182 1356 1225 1407 est

64 1455 80 1496 a
93 1440 231 1514 principio
245 1441 311 1498 oriri
326 1440 427 1499 omnia.
439 1442 482 1499 Ita
491 1439 523 1497 fit
536 1448 567 1498 ut
580 1449 673 1497 motus
685 1440 852 1514 principium
867 1457 900 1498 ex
913 1456 945 1498 ec
959 1441 1005 1510 sit,
1020 1439 1095 1515 qnod
1106 1440 1196 1513 ipsum
1208 1455 1224 1496 a

65 1545 95 1587 se
104 1538 243 1588 movetur.
255 1531 389 1589 idautcm
400 1526 534 1588 necnasci
546 1538 649 1604 potest,
661 1545 713 1588 nec
723 1530 811 1588 mori:
822 1530 863 1586 vei
874 1530 1005 1588 concidat
1014 1546 1099 1587 omne
1109 1529 1222 1592 coelum,

64 1619 213 1692 omnisque
226 1628 300 1678 terra
310 1621 444 1677 consistat
456 1636 569 1677 necesse
579 1628 630 1690 est,
641 1619 762 1677 necuim
778 1620 864 1676 uliam
875 1620 1058 1684 nanciscatur,
1071 1635 1124 1691 qua
1133 1619 1224 1692 primo

62 1715 143 1787 puisa
155 1723 307 1772 proveatur.
324 1716 417 1786 Quum
433 1722 525 1789 patent
535 1715 620 1788 igitur
634 1725 771 1774 aeternnm
785 1715 812 1771 id
827 1731 900 1782 esse,
915 1715 989 1787 quod
1004 1731 1032 1771 se
1050 1714 1140 1788 ipsnm
1157 1730 1221 1771 mo-

64 1813 142 1872 veat,
158 1805 220 1878 quis
235 1813 291 1873 est,
312 1805 359 1878 qui
381 1805 452 1861 hanc
470 1813 599 1862 naturam
613 1807 713 1862 animis
727 1821 787 1863 esse
802 1805 934 1861 tributam
949 1809 1050 1877 neget?
1064 1803 1222 1860 Inanimum

63 1903 105 1950 cst
117 1893 193 1950 enim
205 1910 306 1962 omne,
324 1893 399 1967 quod
418 1894 496 1966 puisu
512 1894 632 1967 agitatur
646 1904 779 1964 exterum
794 1893 870 1967 quod
889 1902 982 1950 autem
997 1902 1039 1950 est
1056 1893 1178 1962 animal,
1194 1892 1221 1949 id

65 1985 145 2037 motu
156 1981 245 2038 cietur
257 1982 387 2039 interiore
399 1990 427 2040 et
441 1999 501 2039 suo.
515 1987 589 2040 Nam
603 1984 662 2041 haec
673 1993 716 2040 est
728 1985 841 2057 propria
856 1992 956 2040 natura
972 1983 1059 2039 animi
1072 1991 1155 2056 atque
1170 1983 1219 2039 vis.

64 2071 136 2140 Quae
149 2072 172 2128 si
183 2080 331 2129 estunam
343 2073 483 2144 omnibns,
498 2089 560 2146 quae
574 2072 695 2146 seipsam
712 2088 820 2147 semper
831 2081 941 2131 moveat
951 2093 959 2143 3
971 2089 1060 2146 neque
1072 2082 1136 2130 tiata
1147 2081 1222 2130 certe

65 2168 120 2227 est,
136 2168 164 2217 et
178 2169 280 2219 aetcrna
292 2170 343 2218 cst.
359 2185 372 2210 υ

448 2431 580 2488 Πλάτωνος
593 2431 710 2498 Φαῖδρος,
725 2448 781 2497 nep.
799 2436 840 2483 dt.

120 2555 156 2619 Σ.
174 2589 223 2599 -
241 2557 317 2634 Νέος
341 2555 399 2642 ἔπι,
426 2553 451 2622 ὦ
479 2549 606 2651 Φαῖδρε,
635 2543 823 2652 Ῑσοκροίτης·
856 2555 872 2624 δ
900 2561 1003 2651 μέντοι
1031 2561 1221 2652 μαντεύομαι

65 2682 137 2746 κατ’
155 2682 249 2747 αὐτοῦ
267 2684 365 2775 λέγειν
383 2683 489 2750 ἐθέλω.

120 2804 160 2867 Φ.
179 2806 292 2873 -Τὸ
310 2814 397 2875 ποῖον
422 2800 485 2895 δής

121 2929 159 2995 Σ.
183 2970 235 2982 -
251 2936 344 3000 Δοκεῖ
361 2960 411 3025 μοι
432 2934 562 3026 ἀμείνων
578 2935 596 3009 ἢ
617 2930 698 3003 κατὰ
713 2936 784 3014 τοὺς
800 2937 868 3029 περὶ
887 2936 1003 3004 Λυσίαν
1022 2933 1096 3004 εἶναι
1113 2938 1222 3032 λόγους

66 3053 109 3122 τὰ
126 3066 181 3136 τῆς
196 3059 324 3150 φύσεως,
344 3061 392 3128 ἔτι
411 3066 439 3128 τ’
456 3058 520 3137 fidet
538 3066 744 3159 γεννικωτέρῳ
771 3063 955 3158 κεκρᾶσθαι·
977 3069 1052 3132 ὥστ’
1076 3057 1163 3134 οὐδὲν
1185 3063 1221 3133 ἂν

65 3183 185 3275 γένοιτο
205 3183 396 3276 θαυμαστὸν,
415 3187 580 3280 προϊούσης
600 3201 655 3269 τῆς
674 3190 794 3271 ἡλικίας
819 3190 842 3258 εἰ
862 3193 930 3284 περὶ
948 3194 1057 3272 αὐτούς
1087 3219 1121 3261 τε
1150 3196 1221 3273 τοὺς

64 3305 189 3400 λόγους,
212 3303 255 3387 οἷς
274 3319 324 3375 νῦν
353 3313 509 3405 ἐπιχειρεῖ,
531 3316 623 3382 πλέον
645 3312 663 3389 ἢ
688 3306 808 3382 παίδων
838 3306 985 3409 διενέγκοι
1015 3327 1076 3384 τῶν
1103 3320 1221 3387 πώποθ’

65 3426 231 3523 ἁψαμένων
245 3434 357 3529 λόγων,
382 3437 429 3504 ἔτι
448 3441 474 3504 τ’
501 3437 526 3503 εἰ
545 3443 629 3527 αὐτῷ
650 3443 691 3533 μὴ
718 3440 895 3531 ἀποχρήσαι
916 3452 1027 3527 ταῦτα,
1057 3443 1107 3511 ἐπὶ
1130 3439 1220 3536 μείζω

64 3550 103 3625 δέ
117 3585 164 3638 τις
177 3562 270 3628 αὐτὸν
286 3557 357 3656 ἄγοι
376 3568 454 3656 ὁρμὴ
473 3566 623 3659 (λειοτέρα.
645 3567 737 3633 Φύσει
752 3564 823 3661 γὰρ,
846 3562 870 3632 ὦ
892 3568 971 3658 φίλε,
991 3570 1088 3637 ἔνεστί
1106 3596 1153 3650 τις
1168 3596 1220 3662 pt·

61 3683 251 3781 λοσοφίαπῇ
274 3679 404 3781 τάνδρὸς
424 3679 555 3780 διανοίᾳ.

499 3863 558 3926 Cic,
575 3867 655 3923 Orat„
671 3880 725 3932 cap.
748 3868 787 3917 13.

100 3964 272 4025 Adolescens
291 3970 375 4026 etiam
393 3988 477 4045 nnnc,
492 3990 509 4032 ο
524 3974 651 4045 Pirama,
667 3977 804 4033 Isocrates
824 3986 866 4051 est
877 3996 884 4034 :
897 3977 945 4035 sed
962 3979 1028 4052 quid
1049 3979 1082 4036 dc
1104 3982 1150 4039 iiic
1171 3999 1221 4038 au·

62 4072 149 4129 gurer
165 4056 242 4115 lubet
255 4058 355 4116 dicere.
370 4061 444 4132 Quid
458 4063 591 4122 tandem?
604 4064 694 4138 inquit
708 4066 764 4122 iiic.
780 4068 885 4141 Majme
895 4068 963 4125 mihi
980 4069 1092 4144 ingenio
1114 4071 1223 4128 videtur

63 4161 139 4216 ease,
153 4162 239 4220 quam
253 4158 284 4206 ut
297 4165 363 4206 cnm
376 4152 550 4210 orationihus
562 4155 654 4228 Lysiae
675 4166 851 4229 comparetur
863 4175 870 4210 ε
882 4167 1015 4231 praeterea
1034 4158 1068 4215 ad
1089 4161 1220 4218 virtutem

65 4265 1221 4292 ---...—-..-...—-—,-

99 4327 139 4392 (1)
155 4328 223 4381 ldctn
235 4329 303 4382 locus
311 4330 350 4383 bis
362 4333 447 4385 cedem
460 4333 554 4386 ratione
565 4351 580 4386 a
593 4334 673 4387 Tullio
686 4334 713 4386 in
724 4335 829 4389 latinum
841 4352 971 4388 conversus
983 4346 1028 4391 est.
