2790 4770
674 341 852 403 „72-

191 496 263 574 145.
287 471 390 568 Ᾰλλος
412 482 442 556 δ’
458 490 589 583 οὐραίοις
609 493 669 559 ὑπὸ
688 496 841 586 γούνασιν.

289 599 383 657 Tertia
395 600 446 657 sub
461 600 549 660 cauda
562 600 598 657 ad
611 617 700 676 genus
712 602 804 675 ipsum
821 597 926 659 lumina
941 600 1046 672 pandit.

850 726 995 787 Priscianus,
1008 726 1053 776 lib.
1065 724 1107 786 vl,
1125 728 1213 791 t,.ttl.

186 937 262 1021 147.
283 932 386 1024 Κρατὶ
403 922 437 998 δὲ
454 931 482 998 οἱ
498 924 641 1024 Δίδυμοι,
660 935 756 1026 μέσσῃ
772 924 802 999 δ’
817 933 876 1001 ὑπὸ
890 932 1042 1025 Καρκίνος
1056 932 1139 1001 ἐστὶν

291 1055 384 1124 ποσοὶ
401 1047 430 1121 δ’
451 1056 676 1150 ὁπισθοτέροισι
696 1057 783 1124 Λέων
799 1060 858 1126 ὕπο
881 1057 963 1124 καλὰ
978 1057 1101 1150 φαείνει.

294 1186 329 1239 Et
344 1192 425 1240 uates
434 1183 569 1241 Geminos
584 1183 684 1241 invises
698 1184 750 1241 sub
763 1191 846 1258 eaput
858 1185 948 1242 Arati.

293 1273 439 1346 Subjeetus
453 1272 551 1332 mediae
559 1282 601 1330 est
614 1274 729 1345 Cancer,
741 1275 909 1349 pedibusque
919 1282 1029 1330 tenetur

294 1362 406 1435 maguu'
421 1363 480 1420 Leo
493 1363 640 1420 tremulam
652 1364 779 1436 quatiens
790 1379 806 1422 e
819 1380 936 1436 eorpme
950 1364 1104 1420 flammam.

880 1455 942 1515 cte„
959 1453 991 1504 de
1004 1456 1039 1505 N.
1053 1457 1100 1515 D.,
1114 1453 1147 1515 11,
1164 1457 1207 1506 ta.

196 1633 269 1699 152.
292 1631 398 1723 Τῆμος
416 1631 467 1698 καὶ
482 1621 662 1709 κελάδοντες
677 1634 755 1722 εὐρέι·
769 1630 894 1720 πόντῳ·

293 1760 355 1815 Ηοο
366 1767 444 1816 motu
455 1757 598 1827 radiantis,
611 1757 712 1817 Etesiae
725 1759 754 1815 in
763 1759 832 1816 vada
847 1759 956 1833 ponti...

954 1849 1016 1910 cte,
1033 1853 1112 1909 Orat„
1126 1867 1150 1900 c.
1167 1852 1210 1900 45.

198 2006 272 2075 155.
299 2004 354 2085 Εἰς
368 2002 478 2097 ἄνεμον
494 1995 529 2072 δὲ
544 2001 586 2072 τὰ
599 1998 688 2080 aaliz
702 1999 919 2097 κοὸερνητῆρες
935 2001 1041 2095 ἔχοιεν.

297 2137 421 2196 Navibus
434 2135 587 2210 absumptis
599 2135 737 2194 fluitantia
752 2151 876 2221 quaerere
885 2136 1006 2209 aplustra
1018 2135 1088 2208 (ll...

886 2223 1212 2291 Prisc.,1ib.v11‚15‚rt.
1259 2294 1262 2301 ι

197 2424 272 2491 160.
299 2423 401 2493 Αὐτὸν
418 2426 472 2517 μέν
487 2449 537 2515 μιν
552 2421 677 2492 ἅπαντα
694 2427 790 2518 μέγαν
805 2416 947 2517 Διδύμων
962 2421 1012 2490 ἐπὶ
1024 2418 1100 2521 λαιὰ

128 2524 130 2529 V
295 2550 468 2639 κεκλιμένον
484 2539 583 2626 δήεις·
602 2537 717 2627 Etim
737 2540 773 2614 δέ
791 2547 819 2617 οἱ
836 2543 915 2640 ἄκρα
933 2542 1053 2640 κάρηνα

184 2668 191 2689 ’
297 2673 389 2741 ἀντία
407 2664 526 2741 lisele.
551 2673 652 2758 Σκαιῷ
667 2663 696 2739 δ’
711 2673 900 2747 ἐπελήλαται
915 2673 989 2764 ὤμῳ

297 2791 356 2876 Αἲξ
375 2798 498 2891 ἱερῆα..

296 2928 353 2984 Sub
366 2929 433 2984 laeva
445 2925 632 2985 Geminorum
641 2925 778 2983 obductus
791 2933 868 2997 parte
878 2924 985 2982 feretur
999 2946 1008 2996 3

297 3015 442 3072 adversum
455 3024 537 3088 eaput
550 3016 614 3072 buia
626 3015 730 3073 Heliaae
741 3015 897 3072 truculenta
907 3022 1020 3070 tuetur:

299 3113 327 3160 at
338 3105 425 3178 Capra
437 3104 535 3162 laevum
551 3103 695 3161 humerum
709 3104 782 3160 alara
796 3103 936 3160 obtinet...

910 3191 973 3253 Cic„
988 3189 1020 3240 de
1031 3193 1066 3243 N.
1081 3193 1123 3251 D.,
1137 3194 1162 3252 2,
1175 3194 1217 3243 4³.

202 3398 273 3465 165.
297 3387 401 3470 Ᾰλλί”ι
417 3397 470 3487 μὲν
486 3399 590 3471 πολλή
602 3421 636 3462 τε
652 3393 703 3462 καὶ
718 3395 838 3488 ἀγλαά·
857 3395 885 3462 οἱ
900 3386 936 3460 δέ
952 3395 979 3461 οἱ
996 3400 1088 3462 αὐτοῦ
1162 3378 1167 3391 ’

297 3519 399 3589 λεπτὰ
414 3521 587 3615 φαείνονται
606 3501 712 3613 ἔριφοι
725 3521 843 3613 καρπὸν
862 3520 944 3587 κάτα
958 3525 1067 3613 χειρός.

302 3652 406 3706 Verum
420 3649 479 3706 haee
492 3656 533 3705 est
546 3664 648 3721 magno
660 3657 743 3721 atque
758 3649 856 3704 illustri
868 3649 982 3721 praedita
998 3648 1095 3721 signet
1144 3702 1149 3712 .

301 3747 397 3796 eontra
409 3737 492 3797 Hoedl
505 3738 638 3811 exiguum
647 3738 756 3811 jaciunt
765 3738 927 3796 mortalibus
938 3739 1040 3812 ignem.

1084 3825 1145 3888 cte„
1155 3825 1219 3894 thid.

230 4176 265 4242 (1)
282 4175 380 4226 Grotius
393 4174 460 4224 huuc
474 4191 570 4225 versum
584 4175 609 4224 in
622 4175 671 4225 fine
682 4173 805 4241 apposuit,
824 4195 836 4219 α
851 4173 926 4239 quod,
945 4171 1035 4239 iuquit,
1057 4171 1220 4238 fragmentum
1242 4172 1293 4222 hoe
1306 4187 1353 4221 nou

196 4260 290 4312 invenit
304 4277 400 4310 versum
414 4261 538 4319 Aramum,
561 4258 601 4309 cul
624 4260 656 4309 ad
677 4259 777 4308 verbum
795 4258 948 4324 respoudeat.
966 4277 1017 4302 ν-
1031 4257 1063 4307 tlt
1076 4271 1138 4324 saepe
1152 4256 1190 4305 vel
1204 4256 1231 4306 iu
1253 4255 1354 4308 Phaena-

197 4346 274 4398 menis
287 4346 388 4396 Aratum
402 4343 487 4394 Cicero
501 4361 551 4394 non
565 4343 649 4407 vertit,
665 4344 706 4392 sed
719 4342 837 4393 imitatur.
