<?xml version="1.0" encoding="UTF-8"?>
<!DOCTYPE html PUBLIC "-//W3C//DTD XHTML 1.0 Transitional//EN"
    "http://www.w3.org/TR/xhtml1/DTD/xhtml1-transitional.dtd">
<html xmlns="http://www.w3.org/1999/xhtml" xml:lang="en" lang="en">
 <head>
  <title>
</title>
<meta http-equiv="Content-Type" content="text/html;charset=utf-8" />
  <meta name='ocr-system' content='tesseract 3.04.00' />
  <meta name='ocr-capabilities' content='ocr_page ocr_carea ocr_par ocr_line ocrx_word'/>
</head>
<body>
  <div class='ocr_page' id='page_1' title='image "./demtciceronegrc00clavgoog_0338.png"; bbox 0 0 2790 4770; ppageno 0'>
   <div class='ocr_carea' id='block_1_1' title="bbox 490 307 692 372">
    <p class='ocr_par' dir='ltr' id='par_1_1' title="bbox 490 307 692 372">
     <span class='ocr_line' id='line_1_1' title="bbox 490 307 692 372; baseline -0.015 0"><span class='ocrx_word' id='word_1_1' title='bbox 490 307 692 372; x_wconf 82' lang='lat'>-305—</span> 
     </span>
    </p>
   </div>
   <div class='ocr_carea' id='block_1_2' title="bbox 10 443 1200 2358">
    <p class='ocr_par' dir='ltr' id='par_1_2' title="bbox 10 443 1169 851">
     <span class='ocr_line' id='line_1_2' title="bbox 10 443 1169 527; baseline -0.003 -17"><span class='ocrx_word' id='word_1_2' title='bbox 10 447 126 510; x_wconf 88' lang='lat' dir='ltr'><strong>ertius</strong></span> <span class='ocrx_word' id='word_1_3' title='bbox 142 447 247 510; x_wconf 91' lang='lat' dir='ltr'><strong>adbuc</strong></span> <span class='ocrx_word' id='word_1_4' title='bbox 259 451 292 510; x_wconf 93' lang='lat' dir='ltr'><strong>et</strong></span> <span class='ocrx_word' id='word_1_5' title='bbox 311 446 485 527; x_wconf 85' lang='lat' dir='ltr'><strong>jucundius</strong></span> <span class='ocrx_word' id='word_1_6' title='bbox 507 446 688 526; x_wconf 86' lang='lat' dir='ltr'><strong>periculum</strong></span> <span class='ocrx_word' id='word_1_7' title='bbox 702 443 810 507; x_wconf 85' lang='lat' dir='ltr'><strong>iacies.</strong></span> <span class='ocrx_word' id='word_1_8' title='bbox 832 447 899 507; x_wconf 88' lang='lat' dir='ltr'><strong>Hoc</strong></span> <span class='ocrx_word' id='word_1_9' title='bbox 913 449 1020 507; x_wconf 90' lang='lat' dir='ltr'><strong>autem</strong></span> <span class='ocrx_word' id='word_1_10' title='bbox 1035 444 1169 507; x_wconf 90' lang='lat' dir='ltr'><strong>eruditis</strong></span> 
     </span>
     <span class='ocr_line' id='line_1_3' title="bbox 10 551 1168 636; baseline 0 -21"><span class='ocrx_word' id='word_1_11' title='bbox 10 555 167 636; x_wconf 82' lang='lat' dir='ltr'><strong>:ontingit</strong></span> <span class='ocrx_word' id='word_1_12' title='bbox 187 561 223 618; x_wconf 93' lang='lat' dir='ltr'><strong>ut</strong></span> <span class='ocrx_word' id='word_1_13' title='bbox 242 561 316 618; x_wconf 87' lang='lat' dir='ltr'><strong>ante</strong></span> <span class='ocrx_word' id='word_1_14' title='bbox 328 556 438 618; x_wconf 91' lang='lat' dir='ltr'><strong>oculos</strong></span> <span class='ocrx_word' id='word_1_15' title='bbox 452 554 662 617; x_wconf 82' lang='lat' dir='ltr'><strong>obversentur</strong></span> <span class='ocrx_word' id='word_1_16' title='bbox 677 553 733 614; x_wconf 95' lang='lat' dir='ltr'><strong>illa</strong></span> <span class='ocrx_word' id='word_1_17' title='bbox 749 551 860 614; x_wconf 81' lang='lat' dir='ltr'><strong>Timaei</strong></span> <span class='ocrx_word' id='word_1_18' title='bbox 877 553 1067 632; x_wconf 89' lang='lat' dir='ltr'><strong>fragmenta,</strong></span> <span class='ocrx_word' id='word_1_19' title='bbox 1084 571 1168 633; x_wconf 80' lang='lat' dir='ltr'><strong>quae,</strong></span> 
     </span>
     <span class='ocr_line' id='line_1_4' title="bbox 10 659 1169 743; baseline -0.003 -18"><span class='ocrx_word' id='word_1_20' title='bbox 10 670 126 725; x_wconf 79' lang='lat' dir='ltr'><strong>tracter</strong></span> <span class='ocrx_word' id='word_1_21' title='bbox 140 663 296 743; x_wconf 90' lang='lat' dir='ltr'><strong>quosdam</strong></span> <span class='ocrx_word' id='word_1_22' title='bbox 324 663 425 725; x_wconf 92' lang='lat' dir='ltr'><strong>multo</strong></span> <span class='ocrx_word' id='word_1_23' title='bbox 446 662 608 726; x_wconf 90' lang='lat' dir='ltr'><strong>breviores</strong></span> <span class='ocrx_word' id='word_1_24' title='bbox 636 660 788 723; x_wconf 91' lang='lat' dir='ltr'><strong>orationis</strong></span> <span class='ocrx_word' id='word_1_25' title='bbox 809 660 924 721; x_wconf 81' lang='lat' dir='ltr'><strong>solutae</strong></span> <span class='ocrx_word' id='word_1_26' title='bbox 953 660 1051 739; x_wconf 89' lang='lat' dir='ltr'><strong>locos,</strong></span> <span class='ocrx_word' id='word_1_27' title='bbox 1074 659 1169 722; x_wconf 91' lang='lat' dir='ltr'><strong>nobis</strong></span> 
     </span>
     <span class='ocr_line' id='line_1_5' title="bbox 10 771 680 851; baseline 0.003 -21"><span class='ocrx_word' id='word_1_28' title='bbox 10 771 74 833; x_wconf 74' lang='lat' dir='ltr'><strong>tola</strong></span> <span class='ocrx_word' id='word_1_29' title='bbox 89 771 256 850; x_wconf 84' lang='lat' dir='ltr'>reliquerit</span> <span class='ocrx_word' id='word_1_30' title='bbox 276 771 484 851; x_wconf 93' lang='lat' dir='ltr'><strong>antiquorum</strong></span> <span class='ocrx_word' id='word_1_31' title='bbox 497 771 680 833; x_wconf 80' lang='lat' dir='ltr'><strong>auctoritas.</strong></span> 
     </span>
    </p>

    <p class='ocr_par' dir='ltr' id='par_1_3' title="bbox 10 875 1175 1500">
     <span class='ocr_line' id='line_1_6' title="bbox 43 875 1173 960; baseline -0.003 -19"><span class='ocrx_word' id='word_1_32' title='bbox 43 881 145 960; x_wconf 88' lang='lat' dir='ltr'><strong>Ergo,</strong></span> <span class='ocrx_word' id='word_1_33' title='bbox 159 880 236 959; x_wconf 93' lang='lat' dir='ltr'><strong>quid</strong></span> <span class='ocrx_word' id='word_1_34' title='bbox 256 879 298 942; x_wconf 93' lang='lat' dir='ltr'><strong>sit</strong></span> <span class='ocrx_word' id='word_1_35' title='bbox 321 878 406 943; x_wconf 89' lang='lat' dir='ltr'><strong>inter</strong></span> <span class='ocrx_word' id='word_1_36' title='bbox 418 880 585 960; x_wconf 91' lang='lat' dir='ltr'><strong>utriusque</strong></span> <span class='ocrx_word' id='word_1_37' title='bbox 598 879 714 958; x_wconf 76' lang='lat' dir='ltr'><strong>linguae</strong></span> <span class='ocrx_word' id='word_1_38' title='bbox 729 883 877 939; x_wconf 91' lang='lat' dir='ltr'><strong>naturam</strong></span> <span class='ocrx_word' id='word_1_39' title='bbox 891 875 1096 953; x_wconf 87' lang='lat' dir='ltr'><strong>discriminis,</strong></span> <span class='ocrx_word' id='word_1_40' title='bbox 1115 894 1173 940; x_wconf 85' lang='lat' dir='ltr'><strong>aes·</strong></span> 
     </span>
     <span class='ocr_line' id='line_1_7' title="bbox 10 983 1174 1065; baseline -0.005 -12"><span class='ocrx_word' id='word_1_41' title='bbox 10 988 127 1053; x_wconf 82' lang='lat' dir='ltr'><strong>limare</strong></span> <span class='ocrx_word' id='word_1_42' title='bbox 147 988 245 1051; x_wconf 79' lang='lat' dir='ltr'><strong>cuivis</strong></span> <span class='ocrx_word' id='word_1_43' title='bbox 270 990 374 1051; x_wconf 92' lang='lat' dir='ltr'><strong>datur.</strong></span> <span class='ocrx_word' id='word_1_44' title='bbox 395 984 561 1061; x_wconf 81' lang='lat' dir='ltr'><strong>Quocirca,</strong></span> <span class='ocrx_word' id='word_1_45' title='bbox 579 1004 619 1047; x_wconf 89' lang='lat' dir='ltr'><strong>ne</strong></span> <span class='ocrx_word' id='word_1_46' title='bbox 638 991 748 1047; x_wconf 89' lang='lat' dir='ltr'><strong>nostra</strong></span> <span class='ocrx_word' id='word_1_47' title='bbox 760 983 933 1063; x_wconf 90' lang='lat' dir='ltr'><strong>disputatio</strong></span> <span class='ocrx_word' id='word_1_48' title='bbox 950 984 1017 1064; x_wconf 87' lang='lat' dir='ltr'><strong>jam</strong></span> <span class='ocrx_word' id='word_1_49' title='bbox 1037 986 1174 1065; x_wconf 91' lang='lat' dir='ltr'><strong>produc-</strong></span> 
     </span>
     <span class='ocr_line' id='line_1_8' title="bbox 10 1090 1174 1174; baseline -0.002 -16"><span class='ocrx_word' id='word_1_50' title='bbox 10 1096 74 1158; x_wconf 84' lang='lat' dir='ltr'><strong>tior</strong></span> <span class='ocrx_word' id='word_1_51' title='bbox 96 1098 212 1158; x_wconf 80' lang='lat' dir='ltr'><strong>frustra</strong></span> <span class='ocrx_word' id='word_1_52' title='bbox 237 1094 399 1170; x_wconf 90' lang='lat' dir='ltr'><strong>dilatetur,</strong></span> <span class='ocrx_word' id='word_1_53' title='bbox 424 1094 457 1155; x_wconf 94' lang='lat' dir='ltr'><strong>in</strong></span> <span class='ocrx_word' id='word_1_54' title='bbox 481 1094 614 1174; x_wconf 89' lang='lat' dir='ltr'><strong>siugulis</strong></span> <span class='ocrx_word' id='word_1_55' title='bbox 634 1092 808 1155; x_wconf 80' lang='lat' dir='ltr'><strong>consistere</strong></span> <span class='ocrx_word' id='word_1_56' title='bbox 837 1090 863 1152; x_wconf 91' lang='lat' dir='ltr'><strong>si</strong></span> <span class='ocrx_word' id='word_1_57' title='bbox 890 1091 1082 1170; x_wconf 86' lang='lat' dir='ltr'><strong>studuerim,</strong></span> <span class='ocrx_word' id='word_1_58' title='bbox 1101 1111 1174 1172; x_wconf 82' lang='lat' dir='ltr'><strong>quae</strong></span> 
     </span>
     <span class='ocr_line' id='line_1_9' title="bbox 10 1200 1170 1284; baseline -0.003 -20"><span class='ocrx_word' id='word_1_59' title='bbox 10 1203 158 1284; x_wconf 89' lang='lat' dir='ltr'><strong>plerique</strong></span> <span class='ocrx_word' id='word_1_60' title='bbox 186 1220 308 1277; x_wconf 89' lang='lat' dir='ltr'><strong>eorum,</strong></span> <span class='ocrx_word' id='word_1_61' title='bbox 337 1202 391 1282; x_wconf 91' lang='lat' dir='ltr'><strong>qui</strong></span> <span class='ocrx_word' id='word_1_62' title='bbox 416 1219 467 1264; x_wconf 89' lang='lat' dir='ltr'><strong>me</strong></span> <span class='ocrx_word' id='word_1_63' title='bbox 487 1202 605 1281; x_wconf 90' lang='lat' dir='ltr'><strong>legent,</strong></span> <span class='ocrx_word' id='word_1_64' title='bbox 633 1200 812 1275; x_wconf 85' lang='lat' dir='ltr'><strong>enodatius,</strong></span> <span class='ocrx_word' id='word_1_65' title='bbox 830 1216 926 1278; x_wconf 92' lang='lat' dir='ltr'><strong>quam</strong></span> <span class='ocrx_word' id='word_1_66' title='bbox 942 1216 1000 1279; x_wconf 92' lang='lat' dir='ltr'><strong>ego</strong></span> <span class='ocrx_word' id='word_1_67' title='bbox 1015 1217 1170 1280; x_wconf 86' lang='lat' dir='ltr'><strong>unquam,</strong></span> 
     </span>
     <span class='ocr_line' id='line_1_10' title="bbox 10 1307 1175 1391; baseline -0.005 -16"><span class='ocrx_word' id='word_1_68' title='bbox 10 1311 172 1391; x_wconf 84' lang='lat' dir='ltr'><strong>explicare</strong></span> <span class='ocrx_word' id='word_1_69' title='bbox 184 1312 334 1383; x_wconf 86' lang='lat' dir='ltr'><strong>valerent,</strong></span> <span class='ocrx_word' id='word_1_70' title='bbox 351 1309 430 1370; x_wconf 91' lang='lat' dir='ltr'><strong>mihi</strong></span> <span class='ocrx_word' id='word_1_71' title='bbox 443 1309 518 1370; x_wconf 90' lang='lat' dir='ltr'><strong>satis</strong></span> <span class='ocrx_word' id='word_1_72' title='bbox 536 1307 577 1370; x_wconf 93' lang='lat' dir='ltr'><strong>sit</strong></span> <span class='ocrx_word' id='word_1_73' title='bbox 592 1324 629 1370; x_wconf 90' lang='lat' dir='ltr'><strong>ea</strong></span> <span class='ocrx_word' id='word_1_74' title='bbox 644 1309 763 1383; x_wconf 89' lang='lat' dir='ltr'><strong>dicere,</strong></span> <span class='ocrx_word' id='word_1_75' title='bbox 774 1325 848 1387; x_wconf 84' lang='lat' dir='ltr'><strong>quaa</strong></span> <span class='ocrx_word' id='word_1_76' title='bbox 858 1308 907 1368; x_wconf 92' lang='lat' dir='ltr'><strong>vel</strong></span> <span class='ocrx_word' id='word_1_77' title='bbox 924 1307 1061 1370; x_wconf 88' lang='lat' dir='ltr'><strong>strictim</strong></span> <span class='ocrx_word' id='word_1_78' title='bbox 1078 1308 1175 1372; x_wconf 88' lang='lat' dir='ltr'><strong>attin·</strong></span> 
     </span>
     <span class='ocr_line' id='line_1_11' title="bbox 10 1415 991 1500; baseline -0.004 -17"><span class='ocrx_word' id='word_1_79' title='bbox 10 1421 117 1500; x_wconf 81' lang='lat' dir='ltr'><strong>gendo</strong></span> <span class='ocrx_word' id='word_1_80' title='bbox 132 1416 235 1498; x_wconf 87' lang='lat' dir='ltr'><strong>prima</strong></span> <span class='ocrx_word' id='word_1_81' title='bbox 246 1417 356 1480; x_wconf 78' lang='lat' dir='ltr'><strong>Timaei</strong></span> <span class='ocrx_word' id='word_1_82' title='bbox 367 1415 481 1496; x_wconf 86' lang='lat' dir='ltr'><strong>capita,</strong></span> <span class='ocrx_word' id='word_1_83' title='bbox 498 1416 591 1478; x_wconf 89' lang='lat' dir='ltr'><strong>facile</strong></span> <span class='ocrx_word' id='word_1_84' title='bbox 604 1415 814 1478; x_wconf 87' lang='lat' dir='ltr'><strong>animadverti</strong></span> <span class='ocrx_word' id='word_1_85' title='bbox 825 1433 862 1480; x_wconf 90' lang='lat' dir='ltr'><strong>ac</strong></span> <span class='ocrx_word' id='word_1_86' title='bbox 874 1417 991 1480; x_wconf 86' lang='lat' dir='ltr'><strong>notavi.</strong></span> 
     </span>
    </p>

    <p class='ocr_par' dir='ltr' id='par_1_4' title="bbox 10 1520 1200 2358">
     <span class='ocr_line' id='line_1_12' title="bbox 49 1520 1178 1605; baseline 0 -19"><span class='ocrx_word' id='word_1_87' title='bbox 49 1523 159 1598; x_wconf 84' lang='lat' dir='ltr'><strong>Qualis</strong></span> <span class='ocrx_word' id='word_1_88' title='bbox 171 1525 212 1587; x_wconf 91' lang='lat' dir='ltr'><strong>sit</strong></span> <span class='ocrx_word' id='word_1_89' title='bbox 223 1524 276 1585; x_wconf 91' lang='lat' dir='ltr'><strong>ille</strong></span> <span class='ocrx_word' id='word_1_90' title='bbox 289 1523 430 1585; x_wconf 90' lang='lat' dir='ltr'><strong>Platonis</strong></span> <span class='ocrx_word' id='word_1_91' title='bbox 443 1539 549 1584; x_wconf 92' lang='lat' dir='ltr'><strong>sermo</strong></span> <span class='ocrx_word' id='word_1_92' title='bbox 561 1520 739 1583; x_wconf 87' lang='lat' dir='ltr'><strong>considera.</strong></span> <span class='ocrx_word' id='word_1_93' title='bbox 756 1521 820 1583; x_wconf 84' lang='lat' dir='ltr'><strong>Hac</strong></span> <span class='ocrx_word' id='word_1_94' title='bbox 835 1538 870 1583; x_wconf 90' lang='lat' dir='ltr'><strong>re</strong></span> <span class='ocrx_word' id='word_1_95' title='bbox 882 1528 955 1584; x_wconf 91' lang='lat' dir='ltr'><strong>ante</strong></span> <span class='ocrx_word' id='word_1_96' title='bbox 970 1523 1077 1585; x_wconf 91' lang='lat' dir='ltr'><strong>omnia</strong></span> <span class='ocrx_word' id='word_1_97' title='bbox 1090 1525 1178 1605; x_wconf 86' lang='lat' dir='ltr'><strong>capi·</strong></span> 
     </span>
     <span class='ocr_line' id='line_1_13' title="bbox 10 1629 1200 1713; baseline 0 -18"><span class='ocrx_word' id='word_1_98' title='bbox 10 1649 99 1708; x_wconf 91' lang='lat' dir='ltr'><strong>mur,</strong></span> <span class='ocrx_word' id='word_1_99' title='bbox 128 1632 304 1695; x_wconf 85' lang='lat' dir='ltr'><strong>subtilitate</strong></span> <span class='ocrx_word' id='word_1_100' title='bbox 328 1629 451 1693; x_wconf 90' lang='lat' dir='ltr'><strong>scilicet</strong></span> <span class='ocrx_word' id='word_1_101' title='bbox 464 1629 617 1691; x_wconf 89' lang='lat' dir='ltr'><strong>orationis</strong></span> <span class='ocrx_word' id='word_1_102' title='bbox 631 1634 727 1708; x_wconf 91' lang='lat' dir='ltr'><strong>atque</strong></span> <span class='ocrx_word' id='word_1_103' title='bbox 741 1629 896 1709; x_wconf 87' lang='lat' dir='ltr'><strong>elegantia</strong></span> <span class='ocrx_word' id='word_1_104' title='bbox 914 1650 921 1691; x_wconf 94' lang='lat'><strong>:</strong></span> <span class='ocrx_word' id='word_1_105' title='bbox 938 1649 1002 1692; x_wconf 93' lang='lat' dir='ltr'><strong>non</strong></span> <span class='ocrx_word' id='word_1_106' title='bbox 1018 1633 1103 1713; x_wconf 94' lang='lat' dir='ltr'><strong>quod</strong></span> <span class='ocrx_word' id='word_1_107' title='bbox 1126 1633 1174 1695; x_wconf 91' lang='lat' dir='ltr'><strong>illi</strong></span> <span class='ocrx_word' id='word_1_108' title='bbox 1196 1641 1200 1648; x_wconf 82' lang='lat'>&#39;</span> 
     </span>
     <span class='ocr_line' id='line_1_14' title="bbox 10 1734 1179 1818; baseline 0.001 -17"><span class='ocrx_word' id='word_1_109' title='bbox 10 1737 288 1818; x_wconf 80' lang='lat' dir='ltr'><strong>magniloquentia</strong></span> <span class='ocrx_word' id='word_1_110' title='bbox 303 1737 385 1798; x_wconf 88' lang='lat' dir='ltr'><strong>desit</strong></span> <span class='ocrx_word' id='word_1_111' title='bbox 402 1742 456 1798; x_wconf 93' lang='lat' dir='ltr'><strong>aut</strong></span> <span class='ocrx_word' id='word_1_112' title='bbox 471 1736 641 1798; x_wconf 86' lang='lat' dir='ltr'><strong>verborum</strong></span> <span class='ocrx_word' id='word_1_113' title='bbox 663 1735 814 1813; x_wconf 79' lang='lat' dir='ltr'><strong>gravitas3</strong></span> <span class='ocrx_word' id='word_1_114' title='bbox 833 1741 866 1797; x_wconf 93' lang='lat' dir='ltr'><strong>at</strong></span> <span class='ocrx_word' id='word_1_115' title='bbox 880 1734 986 1815; x_wconf 92' lang='lat' dir='ltr'><strong>nobis,</strong></span> <span class='ocrx_word' id='word_1_116' title='bbox 1003 1738 1079 1800; x_wconf 91' lang='lat' dir='ltr'><strong>licet</strong></span> <span class='ocrx_word' id='word_1_117' title='bbox 1094 1739 1179 1802; x_wconf 92' lang='lat' dir='ltr'><strong>nuda</strong></span> 
     </span>
     <span class='ocr_line' id='line_1_15' title="bbox 10 1840 1180 1926; baseline -0.001 -18"><span class='ocrx_word' id='word_1_118' title='bbox 10 1861 76 1908; x_wconf 87' lang='lat' dir='ltr'><strong>nec</strong></span> <span class='ocrx_word' id='word_1_119' title='bbox 89 1845 249 1926; x_wconf 88' lang='lat' dir='ltr'><strong>apparatis</strong></span> <span class='ocrx_word' id='word_1_120' title='bbox 264 1842 441 1923; x_wconf 92' lang='lat' dir='ltr'><strong>composita</strong></span> <span class='ocrx_word' id='word_1_121' title='bbox 458 1840 599 1918; x_wconf 89' lang='lat' dir='ltr'><strong>vocibus,</strong></span> <span class='ocrx_word' id='word_1_122' title='bbox 624 1841 746 1903; x_wconf 88' lang='lat' dir='ltr'><strong>arridet</strong></span> <span class='ocrx_word' id='word_1_123' title='bbox 767 1841 934 1903; x_wconf 91' lang='lat' dir='ltr'><strong>sententia.</strong></span> <span class='ocrx_word' id='word_1_124' title='bbox 953 1842 1034 1916; x_wconf 82' lang='lat' dir='ltr'><strong>Quid</strong></span> <span class='ocrx_word' id='word_1_125' title='bbox 1050 1863 1123 1907; x_wconf 89' lang='lat' dir='ltr'><strong>vero</strong></span> <span class='ocrx_word' id='word_1_126' title='bbox 1139 1846 1180 1907; x_wconf 92' lang='lat' dir='ltr'><strong>de</strong></span> 
     </span>
     <span class='ocr_line' id='line_1_16' title="bbox 10 1950 1176 2034; baseline -0.001 -19"><span class='ocrx_word' id='word_1_127' title='bbox 10 1953 127 2015; x_wconf 82' lang='lat' dir='ltr'><strong>Latina</strong></span> <span class='ocrx_word' id='word_1_128' title='bbox 153 1953 260 2033; x_wconf 88' lang='lat' dir='ltr'><strong>lingua</strong></span> <span class='ocrx_word' id='word_1_129' title='bbox 286 1953 417 2032; x_wconf 89' lang='lat' dir='ltr'><strong>loquar?</strong></span> <span class='ocrx_word' id='word_1_130' title='bbox 440 1951 562 2014; x_wconf 88' lang='lat' dir='ltr'><strong>Incedit</strong></span> <span class='ocrx_word' id='word_1_131' title='bbox 581 1952 770 2030; x_wconf 90' lang='lat' dir='ltr'><strong>plerumque</strong></span> <span class='ocrx_word' id='word_1_132' title='bbox 799 1950 901 2029; x_wconf 85' lang='lat' dir='ltr'><strong>gravis</strong></span> <span class='ocrx_word' id='word_1_133' title='bbox 930 1958 962 2012; x_wconf 92' lang='lat' dir='ltr'><strong>et</strong></span> <span class='ocrx_word' id='word_1_134' title='bbox 997 1953 1176 2034; x_wconf 88' lang='lat' dir='ltr'><strong>magnifica,</strong></span> 
     </span>
     <span class='ocr_line' id='line_1_17' title="bbox 14 2048 1175 2141; baseline 0.002 -20"><span class='ocrx_word' id='word_1_135' title='bbox 14 2048 122 2141; x_wconf 85' lang='lat' dir='ltr'><strong>qualis</strong></span> <span class='ocrx_word' id='word_1_136' title='bbox 146 2066 306 2123; x_wconf 91' lang='lat' dir='ltr'><strong>oratorem</strong></span> <span class='ocrx_word' id='word_1_137' title='bbox 328 2062 420 2123; x_wconf 88' lang='lat' dir='ltr'><strong>decet</strong></span> <span class='ocrx_word' id='word_1_138' title='bbox 443 2060 665 2140; x_wconf 89' lang='lat' dir='ltr'><strong>Populumque</strong></span> <span class='ocrx_word' id='word_1_139' title='bbox 689 2061 819 2139; x_wconf 82' lang='lat' dir='ltr'><strong>Regem,</strong></span> <span class='ocrx_word' id='word_1_140' title='bbox 846 2062 930 2140; x_wconf 91' lang='lat' dir='ltr'><strong>apud</strong></span> <span class='ocrx_word' id='word_1_141' title='bbox 953 2061 1049 2141; x_wconf 89' lang='lat' dir='ltr'><strong>quem</strong></span> <span class='ocrx_word' id='word_1_142' title='bbox 1077 2060 1175 2140; x_wconf 89' lang='lat' dir='ltr'><strong>pluri·</strong></span> 
     </span>
     <span class='ocr_line' id='line_1_18' title="bbox 16 2169 1176 2251; baseline 0.001 -18"><span class='ocrx_word' id='word_1_143' title='bbox 16 2187 109 2233; x_wconf 92' lang='lat' dir='ltr'><strong>mum</strong></span> <span class='ocrx_word' id='word_1_144' title='bbox 124 2171 247 2234; x_wconf 85' lang='lat' dir='ltr'><strong>valebat</strong></span> <span class='ocrx_word' id='word_1_145' title='bbox 259 2170 450 2251; x_wconf 90' lang='lat' dir='ltr'><strong>eloquentia,</strong></span> <span class='ocrx_word' id='word_1_146' title='bbox 458 2187 562 2249; x_wconf 89' lang='lat' dir='ltr'><strong>neque</strong></span> <span class='ocrx_word' id='word_1_147' title='bbox 569 2170 723 2249; x_wconf 87' lang='lat' dir='ltr'><strong>agebatur</strong></span> <span class='ocrx_word' id='word_1_148' title='bbox 736 2169 911 2249; x_wconf 89' lang='lat' dir='ltr'><strong>quidquam</strong></span> <span class='ocrx_word' id='word_1_149' title='bbox 936 2172 969 2232; x_wconf 91' lang='lat' dir='ltr'><strong>in</strong></span> <span class='ocrx_word' id='word_1_150' title='bbox 984 2174 1054 2234; x_wconf 86' lang='lat' dir='ltr'><strong>loro</strong></span> <span class='ocrx_word' id='word_1_151' title='bbox 1074 2174 1176 2236; x_wconf 90' lang='lat' dir='ltr'><strong>autin</strong></span> 
     </span>
     <span class='ocr_line' id='line_1_19' title="bbox 15 2277 1176 2358; baseline 0.003 -18"><span class='ocrx_word' id='word_1_152' title='bbox 15 2283 145 2355; x_wconf 87' lang='lat' dir='ltr'><strong>senatu,</strong></span> <span class='ocrx_word' id='word_1_153' title='bbox 159 2277 220 2340; x_wconf 91' lang='lat' dir='ltr'><strong>nisi</strong></span> <span class='ocrx_word' id='word_1_154' title='bbox 235 2278 290 2339; x_wconf 95' lang='lat' dir='ltr'><strong>diu</strong></span> <span class='ocrx_word' id='word_1_155' title='bbox 311 2278 462 2358; x_wconf 89' lang='lat' dir='ltr'><strong>agitatum</strong></span> <span class='ocrx_word' id='word_1_156' title='bbox 477 2277 737 2356; x_wconf 86' lang='lat' dir='ltr'><strong>disputatumque</strong></span> <span class='ocrx_word' id='word_1_157' title='bbox 752 2278 800 2356; x_wconf 77' lang='lat' dir='ltr'><strong>(l).</strong></span> <span class='ocrx_word' id='word_1_158' title='bbox 817 2278 864 2338; x_wconf 84' lang='lat' dir='ltr'><strong>Ex</strong></span> <span class='ocrx_word' id='word_1_159' title='bbox 877 2296 941 2357; x_wconf 94' lang='lat' dir='ltr'><strong>quo</strong></span> <span class='ocrx_word' id='word_1_160' title='bbox 963 2280 1113 2342; x_wconf 84' lang='lat' dir='ltr'><strong>ellectum</strong></span> <span class='ocrx_word' id='word_1_161' title='bbox 1126 2285 1176 2343; x_wconf 90' lang='lat' dir='ltr'><strong>est</strong></span> 
     </span>
    </p>
   </div>
   <div class='ocr_carea' id='block_1_3' title="bbox 15 2530 1191 4386">
    <p class='ocr_par' dir='ltr' id='par_1_5' title="bbox 15 2530 1184 3449">
     <span class='ocr_line' id='line_1_20' title="bbox 54 2530 1180 2602; baseline 0.004 -18"><span class='ocrx_word' id='word_1_162' title='bbox 54 2535 91 2599; x_wconf 85' lang='lat'><strong>(1)</strong></span> <span class='ocrx_word' id='word_1_163' title='bbox 106 2534 144 2585; x_wconf 83' lang='lat' dir='ltr'><strong>Ex</strong></span> <span class='ocrx_word' id='word_1_164' title='bbox 158 2534 200 2584; x_wconf 85' lang='lat' dir='ltr'><strong>illa</strong></span> <span class='ocrx_word' id='word_1_165' title='bbox 212 2532 346 2600; x_wconf 79' lang='lat' dir='ltr'><strong>praesertim</strong></span> <span class='ocrx_word' id='word_1_166' title='bbox 359 2532 447 2598; x_wconf 89' lang='lat' dir='ltr'><strong>Populi</strong></span> <span class='ocrx_word' id='word_1_167' title='bbox 462 2530 565 2583; x_wconf 86' lang='lat' dir='ltr'><strong>Romani</strong></span> <span class='ocrx_word' id='word_1_168' title='bbox 580 2531 662 2581; x_wconf 90' lang='lat' dir='ltr'><strong>indole</strong></span> <span class='ocrx_word' id='word_1_169' title='bbox 676 2548 705 2581; x_wconf 88' lang='lat' dir='ltr'><strong>ae</strong></span> <span class='ocrx_word' id='word_1_170' title='bbox 718 2532 801 2598; x_wconf 88' lang='lat' dir='ltr'><strong>lingua</strong></span> <span class='ocrx_word' id='word_1_171' title='bbox 814 2533 923 2584; x_wconf 90' lang='lat' dir='ltr'><strong>moribus</strong></span> <span class='ocrx_word' id='word_1_172' title='bbox 937 2534 988 2600; x_wconf 85' lang='lat' dir='ltr'><strong>ejus</strong></span> <span class='ocrx_word' id='word_1_173' title='bbox 1002 2535 1125 2602; x_wconf 84' lang='lat' dir='ltr'><strong>aptissima</strong></span> <span class='ocrx_word' id='word_1_174' title='bbox 1140 2537 1180 2587; x_wconf 89' lang='lat' dir='ltr'><strong>in·</strong></span> 
     </span>
     <span class='ocr_line' id='line_1_21' title="bbox 15 2618 1180 2687; baseline 0.003 -17"><span class='ocrx_word' id='word_1_175' title='bbox 15 2619 96 2685; x_wconf 66' lang='lat' dir='ltr'><strong>seligi</strong></span> <span class='ocrx_word' id='word_1_176' title='bbox 104 2630 183 2687; x_wconf 89' lang='lat' dir='ltr'><strong>potest</strong></span> <span class='ocrx_word' id='word_1_177' title='bbox 191 2637 237 2670; x_wconf 88' lang='lat' dir='ltr'><strong>cur</strong></span> <span class='ocrx_word' id='word_1_178' title='bbox 245 2619 391 2685; x_wconf 81' lang='lat' dir='ltr'><strong>quibusdam</strong></span> <span class='ocrx_word' id='word_1_179' title='bbox 400 2618 483 2668; x_wconf 82' lang='lat' dir='ltr'><strong>latinis</strong></span> <span class='ocrx_word' id='word_1_180' title='bbox 492 2618 571 2685; x_wconf 86' lang='lat' dir='ltr'><strong>poetis</strong></span> <span class='ocrx_word' id='word_1_181' title='bbox 580 2618 643 2667; x_wconf 87' lang='lat' dir='ltr'><strong>male</strong></span> <span class='ocrx_word' id='word_1_182' title='bbox 653 2619 798 2684; x_wconf 85' lang='lat' dir='ltr'><strong>processerit</strong></span> <span class='ocrx_word' id='word_1_183' title='bbox 808 2619 931 2670; x_wconf 85' lang='lat' dir='ltr'><strong>Pindarici</strong></span> <span class='ocrx_word' id='word_1_184' title='bbox 938 2622 1054 2672; x_wconf 85' lang='lat' dir='ltr'><strong>carminis</strong></span> <span class='ocrx_word' id='word_1_185' title='bbox 1064 2624 1180 2676; x_wconf 84' lang='lat' dir='ltr'><strong>imitatio.</strong></span> 
     </span>
     <span class='ocr_line' id='line_1_22' title="bbox 20 2702 1184 2778; baseline 0.001 -23"><span class='ocrx_word' id='word_1_186' title='bbox 20 2703 136 2757; x_wconf 75' lang='lat' dir='ltr'><strong>Horatius</strong></span> <span class='ocrx_word' id='word_1_187' title='bbox 149 2707 244 2773; x_wconf 85' lang='lat' dir='ltr'><strong>etipse,</strong></span> <span class='ocrx_word' id='word_1_188' title='bbox 260 2707 280 2756; x_wconf 84' lang='lat' dir='ltr'><strong>si</strong></span> <span class='ocrx_word' id='word_1_189' title='bbox 290 2705 434 2756; x_wconf 86' lang='lat' dir='ltr'><strong>Thebanum</strong></span> <span class='ocrx_word' id='word_1_190' title='bbox 446 2702 530 2755; x_wconf 85' lang='lat' dir='ltr'><strong>alitem</strong></span> <span class='ocrx_word' id='word_1_191' title='bbox 546 2703 677 2754; x_wconf 86' lang='lat' dir='ltr'><strong>studuisset</strong></span> <span class='ocrx_word' id='word_1_192' title='bbox 689 2705 814 2769; x_wconf 85' lang='lat' dir='ltr'><strong>aemulari,</strong></span> <span class='ocrx_word' id='word_1_193' title='bbox 832 2706 921 2757; x_wconf 85' lang='lat' dir='ltr'><strong>ceratis</strong></span> <span class='ocrx_word' id='word_1_194' title='bbox 935 2723 981 2773; x_wconf 88' lang='lat' dir='ltr'><strong>ope</strong></span> <span class='ocrx_word' id='word_1_195' title='bbox 995 2707 1106 2760; x_wconf 74' lang='lat' dir='ltr'><strong>Dedalea</strong></span> <span class='ocrx_word' id='word_1_196' title='bbox 1122 2728 1184 2778; x_wconf 54' lang='lat' dir='ltr'><strong>pena</strong></span> 
     </span>
     <span class='ocr_line' id='line_1_23' title="bbox 20 2788 1181 2861; baseline 0.004 -20"><span class='ocrx_word' id='word_1_197' title='bbox 20 2790 64 2841; x_wconf 79' lang='lat' dir='ltr'><strong>nia</strong></span> <span class='ocrx_word' id='word_1_198' title='bbox 74 2793 111 2853; x_wconf 91' lang='lat' dir='ltr'><strong>(ut</strong></span> <span class='ocrx_word' id='word_1_199' title='bbox 123 2790 168 2854; x_wconf 86' lang='lat' dir='ltr'><strong>ait)</strong></span> <span class='ocrx_word' id='word_1_200' title='bbox 183 2790 250 2839; x_wconf 82' lang='lat' dir='ltr'><strong>nisus</strong></span> <span class='ocrx_word' id='word_1_201' title='bbox 263 2788 356 2839; x_wconf 82' lang='lat' dir='ltr'><strong>fuisset.</strong></span> <span class='ocrx_word' id='word_1_202' title='bbox 373 2788 450 2839; x_wconf 82' lang='lat' dir='ltr'><strong>Nemo</strong></span> <span class='ocrx_word' id='word_1_203' title='bbox 464 2788 530 2838; x_wconf 88' lang='lat' dir='ltr'><strong>enim</strong></span> <span class='ocrx_word' id='word_1_204' title='bbox 549 2788 614 2838; x_wconf 91' lang='lat' dir='ltr'><strong>omni</strong></span> <span class='ocrx_word' id='word_1_205' title='bbox 628 2789 717 2839; x_wconf 89' lang='lat' dir='ltr'><strong>mentis</strong></span> <span class='ocrx_word' id='word_1_206' title='bbox 732 2789 825 2856; x_wconf 89' lang='lat' dir='ltr'><strong>impetu</strong></span> <span class='ocrx_word' id='word_1_207' title='bbox 838 2806 887 2839; x_wconf 81' lang='lat' dir='ltr'><strong>suae</strong></span> <span class='ocrx_word' id='word_1_208' title='bbox 902 2801 972 2857; x_wconf 85' lang='lat' dir='ltr'><strong>paret</strong></span> <span class='ocrx_word' id='word_1_209' title='bbox 984 2793 1181 2861; x_wconf 87' lang='lat' dir='ltr'><strong>inflammationi,</strong></span> 
     </span>
     <span class='ocr_line' id='line_1_24' title="bbox 20 2871 1183 2942; baseline 0.004 -18"><span class='ocrx_word' id='word_1_210' title='bbox 20 2873 72 2924; x_wconf 77' lang='lat' dir='ltr'><strong>nisi</strong></span> <span class='ocrx_word' id='word_1_211' title='bbox 81 2874 132 2940; x_wconf 76' lang='lat' dir='ltr'><strong>jam</strong></span> <span class='ocrx_word' id='word_1_212' title='bbox 149 2884 205 2925; x_wconf 86' lang='lat' dir='ltr'><strong>ante</strong></span> <span class='ocrx_word' id='word_1_213' title='bbox 216 2873 307 2924; x_wconf 84' lang='lat' dir='ltr'><strong>certior</strong></span> <span class='ocrx_word' id='word_1_214' title='bbox 316 2874 394 2924; x_wconf 83' lang='lat' dir='ltr'><strong>lactus</strong></span> <span class='ocrx_word' id='word_1_215' title='bbox 406 2875 465 2923; x_wconf 83' lang='lat' dir='ltr'><strong>sita</strong></span> <span class='ocrx_word' id='word_1_216' title='bbox 481 2888 506 2922; x_wconf 90' lang='lat' dir='ltr'><strong>se</strong></span> <span class='ocrx_word' id='word_1_217' title='bbox 519 2871 670 2922; x_wconf 87' lang='lat' dir='ltr'><strong>audientium</strong></span> <span class='ocrx_word' id='word_1_218' title='bbox 684 2873 778 2923; x_wconf 90' lang='lat' dir='ltr'><strong>animos</strong></span> <span class='ocrx_word' id='word_1_219' title='bbox 794 2875 942 2925; x_wconf 81' lang='lat' dir='ltr'><strong>commoveri</strong></span> <span class='ocrx_word' id='word_1_220' title='bbox 960 2893 1038 2942; x_wconf 60' lang='lat' dir='ltr'><strong>posse,</strong></span> <span class='ocrx_word' id='word_1_221' title='bbox 1060 2877 1183 2929; x_wconf 83' lang='lat' dir='ltr'><strong>Romanus</strong></span> 
     </span>
     <span class='ocr_line' id='line_1_25' title="bbox 25 2957 1183 3027; baseline 0.003 -19"><span class='ocrx_word' id='word_1_222' title='bbox 25 2968 106 3010; x_wconf 71' lang='lat' dir='ltr'><strong>antem</strong></span> <span class='ocrx_word' id='word_1_223' title='bbox 118 2960 232 3027; x_wconf 87' lang='lat' dir='ltr'><strong>populus,</strong></span> <span class='ocrx_word' id='word_1_224' title='bbox 247 2976 342 3025; x_wconf 86' lang='lat' dir='ltr'><strong>semper</strong></span> <span class='ocrx_word' id='word_1_225' title='bbox 355 2958 392 3009; x_wconf 87' lang='lat' dir='ltr'><strong>sui</strong></span> <span class='ocrx_word' id='word_1_226' title='bbox 405 2973 511 3024; x_wconf 85' lang='lat' dir='ltr'><strong>compos,</strong></span> <span class='ocrx_word' id='word_1_227' title='bbox 528 2957 630 3023; x_wconf 86' lang='lat' dir='ltr'><strong>frigidus</strong></span> <span class='ocrx_word' id='word_1_228' title='bbox 642 2974 669 3008; x_wconf 89' lang='lat' dir='ltr'><strong>ae</strong></span> <span class='ocrx_word' id='word_1_229' title='bbox 682 2959 791 3017; x_wconf 84' lang='lat' dir='ltr'><strong>mordax,</strong></span> <span class='ocrx_word' id='word_1_230' title='bbox 808 2959 895 3025; x_wconf 87' lang='lat' dir='ltr'><strong>siquis</strong></span> <span class='ocrx_word' id='word_1_231' title='bbox 911 2961 982 3025; x_wconf 87' lang='lat' dir='ltr'><strong>(alter</strong></span> <span class='ocrx_word' id='word_1_232' title='bbox 995 2962 1124 3026; x_wconf 87' lang='lat' dir='ltr'><strong>Pindarus)</strong></span> <span class='ocrx_word' id='word_1_233' title='bbox 1139 2979 1183 3013; x_wconf 78' lang='lat' dir='ltr'><strong>au·</strong></span> 
     </span>
     <span class='ocr_line' id='line_1_26' title="bbox 26 3042 1183 3114; baseline 0.004 -21"><span class='ocrx_word' id='word_1_234' title='bbox 26 3056 68 3093; x_wconf 73' lang='lat' dir='ltr'><strong>m</strong></span> <span class='ocrx_word' id='word_1_235' title='bbox 81 3054 140 3094; x_wconf 85' lang='lat' dir='ltr'><strong>esset</strong></span> <span class='ocrx_word' id='word_1_236' title='bbox 151 3043 177 3093; x_wconf 89' lang='lat' dir='ltr'><strong>in</strong></span> <span class='ocrx_word' id='word_1_237' title='bbox 190 3045 252 3095; x_wconf 84' lang='lat' dir='ltr'><strong>altos</strong></span> <span class='ocrx_word' id='word_1_238' title='bbox 270 3044 373 3094; x_wconf 90' lang='lat' dir='ltr'><strong>nubium</strong></span> <span class='ocrx_word' id='word_1_239' title='bbox 392 3053 485 3102; x_wconf 82' lang='lat' dir='ltr'><strong>tractus</strong></span> <span class='ocrx_word' id='word_1_240' title='bbox 499 3044 614 3106; x_wconf 87' lang='lat' dir='ltr'><strong>tendere,</strong></span> <span class='ocrx_word' id='word_1_241' title='bbox 635 3042 698 3094; x_wconf 81' lang='lat' dir='ltr'><strong>torte</strong></span> <span class='ocrx_word' id='word_1_242' title='bbox 716 3044 793 3093; x_wconf 87' lang='lat' dir='ltr'><strong>risum</strong></span> <span class='ocrx_word' id='word_1_243' title='bbox 810 3061 859 3095; x_wconf 94' lang='lat' dir='ltr'><strong>non</strong></span> <span class='ocrx_word' id='word_1_244' title='bbox 879 3045 1003 3096; x_wconf 88' lang='lat' dir='ltr'><strong>tenuisset.</strong></span> <span class='ocrx_word' id='word_1_245' title='bbox 1023 3047 1085 3096; x_wconf 82' lang='lat' dir='ltr'><strong>Nam</strong></span> <span class='ocrx_word' id='word_1_246' title='bbox 1105 3049 1183 3114; x_wconf 87' lang='lat' dir='ltr'><strong>lyrico</strong></span> 
     </span>
     <span class='ocr_line' id='line_1_27' title="bbox 28 3127 1184 3201; baseline 0.007 -23"><span class='ocrx_word' id='word_1_247' title='bbox 28 3138 101 3192; x_wconf 71' lang='lat' dir='ltr'><strong>poda</strong></span> <span class='ocrx_word' id='word_1_248' title='bbox 112 3146 161 3180; x_wconf 91' lang='lat' dir='ltr'><strong>nou</strong></span> <span class='ocrx_word' id='word_1_249' title='bbox 174 3129 200 3179; x_wconf 92' lang='lat' dir='ltr'><strong>id</strong></span> <span class='ocrx_word' id='word_1_250' title='bbox 211 3129 269 3179; x_wconf 83' lang='lat' dir='ltr'><strong>satis</strong></span> <span class='ocrx_word' id='word_1_251' title='bbox 281 3139 327 3189; x_wconf 87' lang='lat' dir='ltr'><strong>est,</strong></span> <span class='ocrx_word' id='word_1_252' title='bbox 340 3129 360 3178; x_wconf 86' lang='lat' dir='ltr'><strong>si</strong></span> <span class='ocrx_word' id='word_1_253' title='bbox 374 3138 470 3179; x_wconf 85' lang='lat' dir='ltr'><strong>tantum</strong></span> <span class='ocrx_word' id='word_1_254' title='bbox 480 3145 495 3178; x_wconf 87' lang='lat' dir='ltr'><strong>a</strong></span> <span class='ocrx_word' id='word_1_255' title='bbox 507 3138 573 3178; x_wconf 89' lang='lat' dir='ltr'><strong>coetu</strong></span> <span class='ocrx_word' id='word_1_256' title='bbox 584 3127 729 3194; x_wconf 84' lang='lat' dir='ltr'><strong>elegantium</strong></span> <span class='ocrx_word' id='word_1_257' title='bbox 741 3130 851 3180; x_wconf 73' lang='lat' dir='ltr'><strong>uirorum</strong></span> <span class='ocrx_word' id='word_1_258' title='bbox 871 3130 998 3199; x_wconf 83' lang='lat' dir='ltr'><strong>probetur,</strong></span> <span class='ocrx_word' id='word_1_259' title='bbox 1012 3149 1058 3184; x_wconf 86' lang='lat' dir='ltr'><strong>nee</strong></span> <span class='ocrx_word' id='word_1_260' title='bbox 1071 3135 1127 3201; x_wconf 87' lang='lat' dir='ltr'><strong>plus</strong></span> <span class='ocrx_word' id='word_1_261' title='bbox 1140 3137 1184 3186; x_wconf 89' lang='lat' dir='ltr'><strong>ad·</strong></span> 
     </span>
     <span class='ocr_line' id='line_1_28' title="bbox 29 3207 1184 3283; baseline 0.007 -19"><span class='ocrx_word' id='word_1_262' title='bbox 29 3212 160 3266; x_wconf 70' lang='lat' dir='ltr'><strong>nicationis</strong></span> <span class='ocrx_word' id='word_1_263' title='bbox 177 3231 252 3281; x_wconf 84' lang='lat' dir='ltr'><strong>quam</strong></span> <span class='ocrx_word' id='word_1_264' title='bbox 272 3207 377 3280; x_wconf 87' lang='lat' dir='ltr'><strong>quilibet</strong></span> <span class='ocrx_word' id='word_1_265' title='bbox 396 3214 527 3265; x_wconf 83' lang='lat' dir='ltr'><strong>mediocris</strong></span> <span class='ocrx_word' id='word_1_266' title='bbox 542 3223 630 3264; x_wconf 88' lang='lat' dir='ltr'><strong>auctor</strong></span> <span class='ocrx_word' id='word_1_267' title='bbox 645 3214 755 3266; x_wconf 87' lang='lat' dir='ltr'><strong>babeat:</strong></span> <span class='ocrx_word' id='word_1_268' title='bbox 773 3215 819 3265; x_wconf 91' lang='lat' dir='ltr'><strong>nisi</strong></span> <span class='ocrx_word' id='word_1_269' title='bbox 831 3217 929 3283; x_wconf 91' lang='lat' dir='ltr'><strong>plenam</strong></span> <span class='ocrx_word' id='word_1_270' title='bbox 942 3218 979 3267; x_wconf 90' lang='lat' dir='ltr'><strong>sui</strong></span> <span class='ocrx_word' id='word_1_271' title='bbox 1000 3219 1184 3272; x_wconf 87' lang='lat' dir='ltr'><strong>multitudinem</strong></span> 
     </span>
     <span class='ocr_line' id='line_1_29' title="bbox 31 3297 1184 3370; baseline 0.006 -21"><span class='ocrx_word' id='word_1_272' title='bbox 31 3297 113 3364; x_wconf 72' lang='lat' dir='ltr'><strong>rapiat,</strong></span> <span class='ocrx_word' id='word_1_273' title='bbox 130 3315 287 3367; x_wconf 88' lang='lat' dir='ltr'><strong>quocumque</strong></span> <span class='ocrx_word' id='word_1_274' title='bbox 297 3300 373 3358; x_wconf 75' lang='lat' dir='ltr'><strong>volet,</strong></span> <span class='ocrx_word' id='word_1_275' title='bbox 387 3315 416 3348; x_wconf 90' lang='lat' dir='ltr'><strong>ea</strong></span> <span class='ocrx_word' id='word_1_276' title='bbox 430 3299 454 3348; x_wconf 76' lang='lat' dir='ltr'><strong>si</strong></span> <span class='ocrx_word' id='word_1_277' title='bbox 473 3315 530 3348; x_wconf 82' lang='lat' dir='ltr'><strong>vere</strong></span> <span class='ocrx_word' id='word_1_278' title='bbox 543 3298 625 3348; x_wconf 77' lang='lat' dir='ltr'><strong>divina</strong></span> <span class='ocrx_word' id='word_1_279' title='bbox 640 3299 680 3361; x_wconf 88' lang='lat' dir='ltr'><strong>(de</strong></span> <span class='ocrx_word' id='word_1_280' title='bbox 694 3315 742 3365; x_wconf 87' lang='lat' dir='ltr'><strong>qua</strong></span> <span class='ocrx_word' id='word_1_281' title='bbox 756 3298 826 3349; x_wconf 90' lang='lat' dir='ltr'><strong>Plato</strong></span> <span class='ocrx_word' id='word_1_282' title='bbox 839 3299 969 3365; x_wconf 91' lang='lat' dir='ltr'><strong>loquitur),</strong></span> <span class='ocrx_word' id='word_1_283' title='bbox 986 3318 1131 3370; x_wconf 86' lang='lat' dir='ltr'><strong>magnopere</strong></span> <span class='ocrx_word' id='word_1_284' title='bbox 1150 3307 1184 3356; x_wconf 89' lang='lat' dir='ltr'><strong>ti·</strong></span> 
     </span>
     <span class='ocr_line' id='line_1_30' title="bbox 33 3383 933 3449; baseline -0.008 -14"><span class='ocrx_word' id='word_1_285' title='bbox 33 3384 140 3435; x_wconf 72' lang='lat' dir='ltr'><strong>ulum</strong></span> <span class='ocrx_word' id='word_1_286' title='bbox 151 3394 187 3435; x_wconf 85' lang='lat' dir='ltr'><strong>est</strong></span> <span class='ocrx_word' id='word_1_287' title='bbox 203 3400 234 3434; x_wconf 91' lang='lat' dir='ltr'><strong>ne</strong></span> <span class='ocrx_word' id='word_1_288' title='bbox 244 3383 370 3434; x_wconf 79' lang='lat' dir='ltr'><strong>«Romani</strong></span> <span class='ocrx_word' id='word_1_289' title='bbox 382 3384 471 3434; x_wconf 83' lang='lat' dir='ltr'><strong>tollent</strong></span> <span class='ocrx_word' id='word_1_290' title='bbox 484 3384 578 3449; x_wconf 85' lang='lat' dir='ltr'><strong>equites</strong></span> <span class='ocrx_word' id='word_1_291' title='bbox 592 3384 735 3449; x_wconf 83' lang='lat' dir='ltr'><strong>peditesque</strong></span> <span class='ocrx_word' id='word_1_292' title='bbox 748 3383 906 3434; x_wconf 86' lang='lat' dir='ltr'><strong>cachinnum.</strong></span> <span class='ocrx_word' id='word_1_293' title='bbox 921 3406 933 3429; x_wconf 87' lang='lat'>»</span> 
     </span>
    </p>

    <p class='ocr_par' dir='ltr' id='par_1_6' title="bbox 35 3451 1186 3791">
     <span class='ocr_line' id='line_1_31' title="bbox 67 3451 1183 3535; baseline 0.007 -17"><span class='ocrx_word' id='word_1_294' title='bbox 67 3467 97 3518; x_wconf 84' lang='lat' dir='ltr'><strong>lt</strong></span> <span class='ocrx_word' id='word_1_295' title='bbox 111 3469 152 3520; x_wconf 89' lang='lat' dir='ltr'><strong>illo</strong></span> <span class='ocrx_word' id='word_1_296' title='bbox 164 3468 241 3520; x_wconf 85' lang='lat' dir='ltr'><strong>animi</strong></span> <span class='ocrx_word' id='word_1_297' title='bbox 257 3468 350 3535; x_wconf 83' lang='lat' dir='ltr'><strong>impetu</strong></span> <span class='ocrx_word' id='word_1_298' title='bbox 362 3467 466 3520; x_wconf 86' lang='lat' dir='ltr'><strong>Romani</strong></span> <span class='ocrx_word' id='word_1_299' title='bbox 480 3467 541 3517; x_wconf 89' lang='lat' dir='ltr'><strong>adeo</strong></span> <span class='ocrx_word' id='word_1_300' title='bbox 553 3466 727 3528; x_wconf 80' lang='lat' dir='ltr'><strong>abhorrebant,</strong></span> <span class='ocrx_word' id='word_1_301' title='bbox 742 3477 769 3517; x_wconf 90' lang='lat' dir='ltr'><strong>ut</strong></span> <span class='ocrx_word' id='word_1_302' title='bbox 781 3467 869 3518; x_wconf 86' lang='lat' dir='ltr'><strong>Latina</strong></span> <span class='ocrx_word' id='word_1_303' title='bbox 884 3468 967 3534; x_wconf 85' lang='lat' dir='ltr'><strong>lingua</strong></span> <span class='ocrx_word' id='word_1_304' title='bbox 981 3471 1012 3520; x_wconf 91' lang='lat' dir='ltr'><strong>ad</strong></span> <span class='ocrx_word' id='word_1_305' title='bbox 1027 3451 1183 3527; x_wconf 79' lang='lat' dir='ltr'><strong>vehementes</strong></span> 
     </span>
     <span class='ocr_line' id='line_1_32' title="bbox 36 3547 1186 3621; baseline 0.005 -16"><span class='ocrx_word' id='word_1_306' title='bbox 36 3547 128 3605; x_wconf 74' lang='lat' dir='ltr'><strong>¹th</strong></span> <span class='ocrx_word' id='word_1_307' title='bbox 138 3554 309 3621; x_wconf 81' lang='lat' dir='ltr'><strong>exprimendos</strong></span> <span class='ocrx_word' id='word_1_308' title='bbox 323 3569 371 3603; x_wconf 93' lang='lat' dir='ltr'><strong>non</strong></span> <span class='ocrx_word' id='word_1_309' title='bbox 385 3563 442 3603; x_wconf 85' lang='lat' dir='ltr'><strong>nata</strong></span> <span class='ocrx_word' id='word_1_310' title='bbox 454 3553 588 3603; x_wconf 79' lang='lat' dir='ltr'><strong>videretur.</strong></span> <span class='ocrx_word' id='word_1_311' title='bbox 602 3551 663 3602; x_wconf 84' lang='lat' dir='ltr'><strong>Nam</strong></span> <span class='ocrx_word' id='word_1_312' title='bbox 673 3553 702 3615; x_wconf 87' lang='lat' dir='ltr'><strong>is,</strong></span> <span class='ocrx_word' id='word_1_313' title='bbox 718 3553 759 3619; x_wconf 90' lang='lat' dir='ltr'><strong>qui</strong></span> <span class='ocrx_word' id='word_1_314' title='bbox 774 3569 860 3619; x_wconf 87' lang='lat' dir='ltr'><strong>magna</strong></span> <span class='ocrx_word' id='word_1_315' title='bbox 874 3555 911 3603; x_wconf 92' lang='lat' dir='ltr'><strong>sui</strong></span> <span class='ocrx_word' id='word_1_316' title='bbox 926 3555 1017 3621; x_wconf 85' lang='lat' dir='ltr'><strong>ingenii</strong></span> <span class='ocrx_word' id='word_1_317' title='bbox 1029 3556 1108 3609; x_wconf 74' lang='lat' dir='ltr'><strong>femur</strong></span> <span class='ocrx_word' id='word_1_318' title='bbox 1123 3560 1186 3611; x_wconf 89' lang='lat' dir='ltr'><strong>inei·</strong></span> 
     </span>
     <span class='ocr_line' id='line_1_33' title="bbox 37 3633 1186 3709; baseline 0.005 -24"><span class='ocrx_word' id='word_1_319' title='bbox 37 3633 129 3698; x_wconf 72' lang='lat' dir='ltr'><strong>htiom,</strong></span> <span class='ocrx_word' id='word_1_320' title='bbox 143 3647 172 3688; x_wconf 92' lang='lat' dir='ltr'><strong>ut</strong></span> <span class='ocrx_word' id='word_1_321' title='bbox 192 3637 244 3704; x_wconf 87' lang='lat' dir='ltr'><strong>ipse</strong></span> <span class='ocrx_word' id='word_1_322' title='bbox 262 3637 389 3693; x_wconf 86' lang='lat' dir='ltr'><strong>Pindarus,</strong></span> <span class='ocrx_word' id='word_1_323' title='bbox 408 3653 505 3686; x_wconf 85' lang='lat' dir='ltr'><strong>necesse</strong></span> <span class='ocrx_word' id='word_1_324' title='bbox 522 3646 558 3687; x_wconf 92' lang='lat' dir='ltr'><strong>est</strong></span> <span class='ocrx_word' id='word_1_325' title='bbox 575 3637 657 3703; x_wconf 90' lang='lat' dir='ltr'><strong>lingua</strong></span> <span class='ocrx_word' id='word_1_326' title='bbox 676 3646 701 3686; x_wconf 92' lang='lat' dir='ltr'><strong>et</strong></span> <span class='ocrx_word' id='word_1_327' title='bbox 715 3648 793 3687; x_wconf 87' lang='lat' dir='ltr'><strong>metro</strong></span> <span class='ocrx_word' id='word_1_328' title='bbox 815 3654 890 3702; x_wconf 91' lang='lat' dir='ltr'><strong>quam</strong></span> <span class='ocrx_word' id='word_1_329' title='bbox 906 3639 1007 3690; x_wconf 91' lang='lat' dir='ltr'><strong>minime</strong></span> <span class='ocrx_word' id='word_1_330' title='bbox 1026 3641 1186 3709; x_wconf 82' lang='lat' dir='ltr'><strong>impediatur.</strong></span> 
     </span>
     <span class='ocr_line' id='line_1_34' title="bbox 35 3712 1186 3791; baseline 0.007 -15"><span class='ocrx_word' id='word_1_331' title='bbox 35 3712 104 3776; x_wconf 64' lang='lat' dir='ltr'><strong>Qum</strong></span> <span class='ocrx_word' id='word_1_332' title='bbox 114 3740 163 3774; x_wconf 90' lang='lat' dir='ltr'><strong>non</strong></span> <span class='ocrx_word' id='word_1_333' title='bbox 176 3724 260 3774; x_wconf 82' lang='lat' dir='ltr'><strong>disiuo</strong></span> <span class='ocrx_word' id='word_1_334' title='bbox 268 3724 356 3790; x_wconf 86' lang='lat' dir='ltr'><strong>spiritu</strong></span> <span class='ocrx_word' id='word_1_335' title='bbox 366 3723 477 3773; x_wconf 85' lang='lat' dir='ltr'><strong>afflatum</strong></span> <span class='ocrx_word' id='word_1_336' title='bbox 484 3724 618 3790; x_wconf 78' lang='lat' dir='ltr'><strong>putaveris,</strong></span> <span class='ocrx_word' id='word_1_337' title='bbox 632 3724 679 3773; x_wconf 90' lang='lat' dir='ltr'><strong>nisi</strong></span> <span class='ocrx_word' id='word_1_338' title='bbox 686 3741 785 3774; x_wconf 86' lang='lat' dir='ltr'><strong>carmen</strong></span> <span class='ocrx_word' id='word_1_339' title='bbox 795 3740 824 3774; x_wconf 82' lang='lat' dir='ltr'><strong>ex</strong></span> <span class='ocrx_word' id='word_1_340' title='bbox 832 3734 943 3791; x_wconf 88' lang='lat' dir='ltr'><strong>tempore</strong></span> <span class='ocrx_word' id='word_1_341' title='bbox 952 3725 1056 3778; x_wconf 88' lang='lat' dir='ltr'><strong>lundere</strong></span> <span class='ocrx_word' id='word_1_342' title='bbox 1071 3730 1186 3784; x_wconf 82' lang='lat' dir='ltr'><strong>videatur</strong></span> 
     </span>
    </p>

    <p class='ocr_par' dir='ltr' id='par_1_7' title="bbox 38 3807 1191 4386">
     <span class='ocr_line' id='line_1_35' title="bbox 39 3807 1186 3879; baseline 0.015 -27"><span class='ocrx_word' id='word_1_343' title='bbox 39 3810 80 3852; x_wconf 72' lang='lat' dir='ltr'><strong>nee</strong></span> <span class='ocrx_word' id='word_1_344' title='bbox 90 3807 159 3857; x_wconf 85' lang='lat' dir='ltr'><strong>ullam</strong></span> <span class='ocrx_word' id='word_1_345' title='bbox 171 3825 253 3875; x_wconf 79' lang='lat' dir='ltr'><strong>operae</strong></span> <span class='ocrx_word' id='word_1_346' title='bbox 265 3818 308 3858; x_wconf 89' lang='lat' dir='ltr'><strong>aut</strong></span> <span class='ocrx_word' id='word_1_347' title='bbox 320 3807 445 3857; x_wconf 80' lang='lat' dir='ltr'><strong>industriae</strong></span> <span class='ocrx_word' id='word_1_348' title='bbox 458 3809 564 3873; x_wconf 89' lang='lat' dir='ltr'><strong>speciem</strong></span> <span class='ocrx_word' id='word_1_349' title='bbox 573 3807 688 3874; x_wconf 68' lang='lat' dir='ltr'><strong>praebeat.</strong></span> <span class='ocrx_word' id='word_1_350' title='bbox 698 3807 824 3869; x_wconf 80' lang='lat' dir='ltr'><strong>Quomodo</strong></span> <span class='ocrx_word' id='word_1_351' title='bbox 836 3810 902 3859; x_wconf 89' lang='lat' dir='ltr'><strong>enim</strong></span> <span class='ocrx_word' id='word_1_352' title='bbox 917 3810 970 3860; x_wconf 89' lang='lat' dir='ltr'><strong>lieri</strong></span> <span class='ocrx_word' id='word_1_353' title='bbox 987 3823 1067 3879; x_wconf 89' lang='lat' dir='ltr'><strong>posset</strong></span> <span class='ocrx_word' id='word_1_354' title='bbox 1081 3826 1109 3866; x_wconf 87' lang='lat' dir='ltr'><strong>ut</strong></span> <span class='ocrx_word' id='word_1_355' title='bbox 1121 3818 1186 3869; x_wconf 80' lang='lat' dir='ltr'><strong>tdtra</strong></span> 
     </span>
     <span class='ocr_line' id='line_1_36' title="bbox 38 3892 1186 3963; baseline 0.01 -22"><span class='ocrx_word' id='word_1_356' title='bbox 38 3894 136 3951; x_wconf 65' lang='lat' dir='ltr'><strong>¹&#39;tertam</strong></span> <span class='ocrx_word' id='word_1_357' title='bbox 145 3909 229 3943; x_wconf 73' lang='lat' dir='ltr'><strong>sersus</strong></span> <span class='ocrx_word' id='word_1_358' title='bbox 241 3892 358 3943; x_wconf 86' lang='lat' dir='ltr'><strong>elaborati</strong></span> <span class='ocrx_word' id='word_1_359' title='bbox 372 3892 527 3958; x_wconf 88' lang='lat' dir='ltr'><strong>ordinatique</strong></span> <span class='ocrx_word' id='word_1_360' title='bbox 540 3893 693 3943; x_wconf 88' lang='lat' dir='ltr'><strong>sedulitatem</strong></span> <span class='ocrx_word' id='word_1_361' title='bbox 703 3894 784 3943; x_wconf 88' lang='lat' dir='ltr'><strong>adhuc</strong></span> <span class='ocrx_word' id='word_1_362' title='bbox 794 3895 886 3945; x_wconf 77' lang='lat' dir='ltr'><strong>viseret</strong></span> <span class='ocrx_word' id='word_1_363' title='bbox 895 3912 924 3945; x_wconf 88' lang='lat' dir='ltr'><strong>ac</strong></span> <span class='ocrx_word' id='word_1_364' title='bbox 937 3897 1029 3963; x_wconf 82' lang='lat' dir='ltr'><strong>vigeret</strong></span> <span class='ocrx_word' id='word_1_365' title='bbox 1042 3901 1104 3950; x_wconf 88' lang='lat' dir='ltr'><strong>acris</strong></span> <span class='ocrx_word' id='word_1_366' title='bbox 1123 3902 1186 3954; x_wconf 90' lang='lat' dir='ltr'><strong>inei·</strong></span> 
     </span>
     <span class='ocr_line' id='line_1_37' title="bbox 41 3969 1185 4049; baseline 0.013 -25"><span class='ocrx_word' id='word_1_367' title='bbox 41 3969 110 4026; x_wconf 66' lang='lat' dir='ltr'><strong>¹llio?</strong></span> <span class='ocrx_word' id='word_1_368' title='bbox 123 3976 208 4043; x_wconf 84' lang='lat' dir='ltr'><strong>ltaque</strong></span> <span class='ocrx_word' id='word_1_369' title='bbox 221 3977 280 4043; x_wconf 91' lang='lat' dir='ltr'><strong>quid</strong></span> <span class='ocrx_word' id='word_1_370' title='bbox 299 3977 367 4027; x_wconf 89' lang='lat' dir='ltr'><strong>aliud</strong></span> <span class='ocrx_word' id='word_1_371' title='bbox 385 3986 421 4027; x_wconf 89' lang='lat' dir='ltr'><strong>est</strong></span> <span class='ocrx_word' id='word_1_372' title='bbox 442 3979 540 4044; x_wconf 83' lang='grc' dir='ltr'><strong>Στροφή</strong></span> <span class='ocrx_word' id='word_1_373' title='bbox 562 3978 671 4037; x_wconf 85' lang='lat' dir='ltr'><strong>Pindari,</strong></span> <span class='ocrx_word' id='word_1_374' title='bbox 695 3979 812 4029; x_wconf 88' lang='lat' dir='ltr'><strong>immensa</strong></span> <span class='ocrx_word' id='word_1_375' title='bbox 832 3997 905 4030; x_wconf 89' lang='lat' dir='ltr'><strong>ruens</strong></span> <span class='ocrx_word' id='word_1_376' title='bbox 919 3991 943 4031; x_wconf 91' lang='lat' dir='ltr'><strong>et</strong></span> <span class='ocrx_word' id='word_1_377' title='bbox 962 3981 1013 4049; x_wconf 83' lang='lat' dir='ltr'><strong>lege</strong></span> <span class='ocrx_word' id='word_1_378' title='bbox 1031 3985 1117 4045; x_wconf 88' lang='lat' dir='ltr'><strong>soluta,</strong></span> <span class='ocrx_word' id='word_1_379' title='bbox 1137 3989 1185 4039; x_wconf 87' lang='lat' dir='ltr'><strong>nisi</strong></span> 
     </span>
     <span class='ocr_line' id='line_1_38' title="bbox 41 4060 1185 4136; baseline 0.01 -25"><span class='ocrx_word' id='word_1_380' title='bbox 41 4060 137 4116; x_wconf 55' lang='lat' dir='ltr'><strong>wedam</strong></span> <span class='ocrx_word' id='word_1_381' title='bbox 150 4063 229 4112; x_wconf 86' lang='lat' dir='ltr'><strong>oratio</strong></span> <span class='ocrx_word' id='word_1_382' title='bbox 243 4063 304 4113; x_wconf 87' lang='lat' dir='ltr'><strong>bene</strong></span> <span class='ocrx_word' id='word_1_383' title='bbox 318 4078 405 4113; x_wconf 83' lang='lat' dir='ltr'><strong>sonans</strong></span> <span class='ocrx_word' id='word_1_384' title='bbox 417 4079 446 4113; x_wconf 86' lang='lat' dir='ltr'><strong>ae</strong></span> <span class='ocrx_word' id='word_1_385' title='bbox 457 4070 604 4114; x_wconf 85' lang='lat' dir='ltr'><strong>numerosa?</strong></span> <span class='ocrx_word' id='word_1_386' title='bbox 616 4064 696 4130; x_wconf 74' lang='lat' dir='ltr'><strong>Atque</strong></span> <span class='ocrx_word' id='word_1_387' title='bbox 709 4065 736 4114; x_wconf 93' lang='lat' dir='ltr'><strong>iu</strong></span> <span class='ocrx_word' id='word_1_388' title='bbox 749 4082 777 4115; x_wconf 89' lang='lat' dir='ltr'><strong>ea</strong></span> <span class='ocrx_word' id='word_1_389' title='bbox 789 4074 824 4115; x_wconf 86' lang='lat' dir='ltr'><strong>est</strong></span> <span class='ocrx_word' id='word_1_390' title='bbox 836 4065 986 4117; x_wconf 89' lang='lat' dir='ltr'><strong>admirabilis</strong></span> <span class='ocrx_word' id='word_1_391' title='bbox 1000 4080 1077 4136; x_wconf 84' lang='lat' dir='ltr'><strong>poeta</strong></span> <span class='ocrx_word' id='word_1_392' title='bbox 1090 4088 1185 4123; x_wconf 76' lang='lat' dir='ltr'><strong>stersus.</strong></span> 
     </span>
     <span class='ocr_line' id='line_1_39' title="bbox 44 4128 1188 4224; baseline 0.012 -31"><span class='ocrx_word' id='word_1_393' title='bbox 44 4128 112 4194; x_wconf 76' lang='lat' dir='ltr'><strong>huni</strong></span> <span class='ocrx_word' id='word_1_394' title='bbox 125 4163 181 4197; x_wconf 80' lang='lat' dir='ltr'><strong>sero</strong></span> <span class='ocrx_word' id='word_1_395' title='bbox 193 4147 308 4199; x_wconf 87' lang='lat' dir='ltr'><strong>dicebant</strong></span> <span class='ocrx_word' id='word_1_396' title='bbox 320 4164 345 4198; x_wconf 88' lang='lat' dir='ltr'><strong>se</strong></span> <span class='ocrx_word' id='word_1_397' title='bbox 354 4164 434 4198; x_wconf 86' lang='lat' dir='ltr'><strong>musas</strong></span> <span class='ocrx_word' id='word_1_398' title='bbox 448 4149 528 4199; x_wconf 89' lang='lat' dir='ltr'><strong>colere</strong></span> <span class='ocrx_word' id='word_1_399' title='bbox 539 4148 680 4215; x_wconf 76' lang='lat' dir='ltr'><strong>severiores,</strong></span> <span class='ocrx_word' id='word_1_400' title='bbox 692 4167 720 4200; x_wconf 89' lang='lat' dir='ltr'><strong>ea</strong></span> <span class='ocrx_word' id='word_1_401' title='bbox 733 4161 815 4202; x_wconf 89' lang='lat' dir='ltr'><strong>mente</strong></span> <span class='ocrx_word' id='word_1_402' title='bbox 825 4160 853 4203; x_wconf 91' lang='lat' dir='ltr'><strong>ut</strong></span> <span class='ocrx_word' id='word_1_403' title='bbox 867 4153 975 4219; x_wconf 87' lang='lat' dir='ltr'><strong>ipsorum</strong></span> <span class='ocrx_word' id='word_1_404' title='bbox 987 4153 1056 4204; x_wconf 88' lang='lat' dir='ltr'><strong>labor</strong></span> <span class='ocrx_word' id='word_1_405' title='bbox 1068 4156 1188 4224; x_wconf 84' lang='lat' dir='ltr'><strong>intellige-</strong></span> 
     </span>
     <span class='ocr_line' id='line_1_40' title="bbox 42 4229 1189 4308; baseline 0.01 -28"><span class='ocrx_word' id='word_1_406' title='bbox 42 4229 100 4278; x_wconf 61' lang='lat' dir='ltr'><strong>Mor</strong></span> <span class='ocrx_word' id='word_1_407' title='bbox 111 4248 158 4298; x_wconf 90' lang='lat' dir='ltr'><strong>quo</strong></span> <span class='ocrx_word' id='word_1_408' title='bbox 167 4232 262 4283; x_wconf 74' lang='lat' dir='ltr'><strong>[acilius</strong></span> <span class='ocrx_word' id='word_1_409' title='bbox 273 4232 380 4299; x_wconf 83' lang='lat' dir='ltr'><strong>linguam</strong></span> <span class='ocrx_word' id='word_1_410' title='bbox 390 4242 479 4284; x_wconf 87' lang='lat' dir='ltr'><strong>natura</strong></span> <span class='ocrx_word' id='word_1_411' title='bbox 492 4234 628 4301; x_wconf 85' lang='lat' dir='ltr'><strong>pedestrem</strong></span> <span class='ocrx_word' id='word_1_412' title='bbox 639 4244 664 4285; x_wconf 88' lang='lat' dir='ltr'><strong>et</strong></span> <span class='ocrx_word' id='word_1_413' title='bbox 676 4235 808 4288; x_wconf 85' lang='lat' dir='ltr'><strong>oratoriam</strong></span> <span class='ocrx_word' id='word_1_414' title='bbox 822 4239 941 4304; x_wconf 85' lang='lat' dir='ltr'><strong>usquead</strong></span> <span class='ocrx_word' id='word_1_415' title='bbox 954 4239 1056 4305; x_wconf 73' lang='lat' dir='ltr'><strong>poeticae</strong></span> <span class='ocrx_word' id='word_1_416' title='bbox 1068 4239 1189 4308; x_wconf 75' lang='lat' dir='ltr'><strong>fastigium</strong></span> 
     </span>
     <span class='ocr_line' id='line_1_41' title="bbox 43 4309 1191 4386; baseline 0.012 -20"><span class='ocrx_word' id='word_1_417' title='bbox 43 4309 169 4369; x_wconf 57' lang='lat' dir='ltr'><strong>flebant.</strong></span> <span class='ocrx_word' id='word_1_418' title='bbox 186 4315 350 4379; x_wconf 80' lang='lat' dir='ltr'><strong>Quamobrem</strong></span> <span class='ocrx_word' id='word_1_419' title='bbox 359 4319 425 4385; x_wconf 88' lang='lat' dir='ltr'><strong>apud</strong></span> <span class='ocrx_word' id='word_1_420' title='bbox 435 4316 500 4386; x_wconf 86' lang='lat' dir='ltr'><strong>ipsos</strong></span> <span class='ocrx_word' id='word_1_421' title='bbox 514 4327 611 4370; x_wconf 88' lang='lat' dir='ltr'><strong>tantum</strong></span> <span class='ocrx_word' id='word_1_422' title='bbox 622 4319 688 4371; x_wconf 88' lang='lat' dir='ltr'><strong>inter</strong></span> <span class='ocrx_word' id='word_1_423' title='bbox 699 4322 803 4374; x_wconf 86' lang='lat' dir='ltr'><strong>solutam</strong></span> <span class='ocrx_word' id='word_1_424' title='bbox 817 4323 954 4375; x_wconf 88' lang='lat' dir='ltr'><strong>orationem</strong></span> <span class='ocrx_word' id='word_1_425' title='bbox 970 4333 995 4374; x_wconf 89' lang='lat' dir='ltr'><strong>et</strong></span> <span class='ocrx_word' id='word_1_426' title='bbox 1010 4340 1092 4375; x_wconf 77' lang='lat' dir='ltr'><strong>veram</strong></span> <span class='ocrx_word' id='word_1_427' title='bbox 1104 4326 1191 4380; x_wconf 73' lang='lat' dir='ltr'><strong>diseri=</strong></span> 
     </span>
    </p>
   </div>
   <div class='ocr_carea' id='block_1_4' title="bbox 1030 4412 1071 4472">
    <p class='ocr_par' dir='ltr' id='par_1_8' title="bbox 1030 4412 1071 4472">
     <span class='ocr_line' id='line_1_42' title="bbox 1030 4412 1071 4472; baseline 0.024 -1"><span class='ocrx_word' id='word_1_428' title='bbox 1030 4412 1071 4472; x_wconf 72' lang='lat'><strong>20</strong></span> 
     </span>
    </p>
   </div>
   <div class='ocr_carea' id='block_1_5' title="bbox 0 0 1422 4770">
    <p class='ocr_par' dir='ltr' id='par_1_9' title="bbox 0 0 1422 4770">
     <span class='ocr_line' id='line_1_43' title="bbox 0 0 1422 4770; baseline 0 0"><span class='ocrx_word' id='word_1_429' title='bbox 0 0 1422 4770; x_wconf 95' lang='lat' dir='ltr'><strong> </strong></span> 
     </span>
    </p>
   </div>
  </div>
 </body>
</html>
