2790 4770
593 292 794 406 -ss-ner-

118 479 257 557 terdum,
272 483 308 542 ut
334 478 400 559 ipse
414 481 653 560 quodammodo
677 482 804 556 fatetur,
828 479 862 540 in
886 474 1148 557 interpretatione
1175 477 1274 540 divini

118 586 203 651 illius
216 585 274 649 viri
287 589 393 666 lapsus
410 592 467 650 est.
483 589 647 650 Interdum
664 588 761 650 etiam
778 585 907 665 Epicuri
922 585 1085 665 quaedam,
1105 590 1160 648 aut
1175 587 1275 648 Zeno-

119 693 245 771 nis,aut
258 692 449 769 Aristotelis,
474 711 539 755 non
552 694 659 755 animo
684 690 857 772 perspexit.
878 693 988 771 ltaque
1010 692 1035 753 si
1057 709 1142 753 nuno
1166 693 1273 757 Cicero

120 799 277 862 advitam
299 805 509 874 revocaretur,
534 806 565 863 et
588 801 721 879 cupidus
750 798 899 861 audiendi
920 796 1087 879 magistros
1115 800 1275 881 principes

121 911 242 991 ingenii
264 915 296 972 et
312 910 478 988 doetrinae,
503 909 742 988 alteramhanc
763 907 981 985 Academiam,
999 907 1168 971 Facultatis
1190 906 1280 970 Pari·

123 1019 245 1081 siorum
259 1020 369 1080 sedern
383 1035 419 1081 ae
434 1017 645 1092 domicilium,
659 1017 897 1088 intraret,idem
917 1017 1164 1095 obstupefactus,
1179 1034 1279 1096 quum

124 1129 158 1191 in
184 1128 247 1191 illis
273 1129 388 1190 miram
420 1145 487 1189 esse
512 1125 714 1206 sagacitatem
739 1125 882 1201 videret,
908 1130 1035 1191 aetatem
1058 1142 1148 1187 suam
1173 1130 1281 1187 nostra

126 1239 228 1301 multo
242 1235 424 1299 inferiorem
436 1236 578 1315 profiteri
593 1240 771 1315 cogeretur.

166 1345 208 1404 At
224 1360 309 1419 vero,
328 1344 413 1423 quod
429 1348 564 1423 nequeat
579 1344 731 1418 aemulari,
749 1360 815 1405 non
833 1344 906 1406 dico
919 1344 1001 1407 viros
1013 1343 1108 1423 hujus
1126 1344 1234 1406 saeculi
1248 1343 1282 1405 in

127 1445 331 1527 Philosophia
352 1448 486 1523 nobiles,
506 1448 559 1509 sed
578 1448 742 1509 Platonem
771 1452 825 1510 aut
850 1448 1066 1522 Aristotelem,
1083 1445 1127 1509 ita
1143 1465 1176 1508 se
1191 1464 1284 1509 exeu-

128 1561 224 1631 saret,
245 1561 280 1618 ut
300 1573 372 1618 vere
392 1574 442 1617 res
463 1555 632 1617 aestimanti
650 1556 756 1618 forsan
774 1557 900 1634 aeulpa
913 1556 1021 1617 abesse
1036 1555 1209 1618 videretur.
1227 1557 1284 1619 llle

129 1665 251 1743 primus
267 1663 349 1725 inter
362 1665 500 1737 Latinos,
523 1669 665 1744 utsupra
680 1664 756 1741 dixi,
777 1665 892 1742 studia,
912 1684 983 1746 quae
999 1665 1032 1726 in
1047 1667 1221 1728 reconditis
1239 1685 1286 1729 ar-

128 1771 213 1835 tibus
232 1776 405 1846 versantur,
426 1772 593 1834 illustravit
609 1791 616 1833 :
631 1772 752 1850 primus
771 1773 884 1833 eadem
899 1772 932 1832 in
947 1772 1083 1851 patrium
1098 1777 1285 1836 convertere

128 1895 311 1941 sermonem
326 1897 419 1941 ausus
436 1884 496 1954 est3
514 1880 649 1940 arduum
666 1897 757 1956 opuS,
774 1879 966 1939 immensum
981 1877 1077 1939 etiam
1092 1878 1139 1940 vel
1155 1879 1284 1959 ingenio

77 2008 83 2017 ·
128 1987 301 2063 Ciceronis,
329 2004 511 2066 quanquam
535 1985 686 2047 altissime
709 1986 855 2064 insurgit,
878 1990 909 2046 et
923 1985 1069 2065 incaeptis
1085 1984 1286 2050 crescitam·

129 2095 293 2174 plissimis.
308 2095 386 2156 Nam
416 2093 485 2173 quis
509 2095 630 2169 Romae,
659 2093 728 2173 quis
757 2092 890 2154 Athenis
906 2097 972 2154 tam
999 2091 1090 2171 plane
1117 2099 1149 2156 et
1163 2098 1282 2173 aperte,

128 2199 280 2263 Cicerone
295 2201 379 2275 viro,
392 2198 431 2261 de
447 2197 534 2263 omni
547 2198 759 2277 Philosophiae
781 2197 926 2259 doctrina
941 2197 1102 2276 disputare
1115 2199 1285 2277 potuisset,

127 2311 163 2367 ut
174 2305 241 2384 jam
254 2303 332 2366 nihil
346 2305 528 2378 obscurum,
545 2303 624 2365 nihil
638 2303 840 2365 reconditum
850 2302 1099 2382 relinqueretur?
1110 2305 1152 2366 At
1163 2303 1283 2366 nemini

127 2412 261 2474 dubium
281 2417 329 2474 est
345 2413 422 2492 quin
446 2413 553 2475 Cicero
569 2412 694 2473 subtilis
709 2411 927 2491 eruditusque,
945 2416 1059 2474 utnon
1073 2413 1173 2492 magis
1190 2415 1279 2492 alter,

127 2510 167 2572 ad
181 2510 471 2592 philosophandum
485 2506 662 2573 accesserit.
685 2531 698 2568 u
710 2511 810 2590 Neque
824 2516 909 2588 erut,
926 2515 962 2572 ut
975 2511 1020 2572 ait
1030 2510 1109 2591 ipse,
1124 2513 1171 2574 oet
1188 2531 1282 2593 praece

127 2620 222 2698 toqui,
239 2620 393 2681 cellatica
410 2618 568 2680 docendus.
589 2638 605 2676 a
635 2621 752 2680 Rerum
774 2636 847 2680 vero
869 2617 1058 2696 obscuritaS,
1087 2637 1151 2682 nou
1167 2622 1280 2685 verbo·

124 2743 208 2802 rum,
234 2726 370 2789 faciebat
388 2732 423 2790 ut
441 2745 506 2789 non
520 2725 749 2806 intelligeretur
764 2728 881 2790 oratio:
905 2749 918 2786 u
933 2727 1035 2807 qualis
1047 2733 1095 2790 est
1108 2730 1141 2790 in
1160 2730 1280 2792 Timaeo
1358 2759 1361 2764 ·

126 2836 267 2900 Platonis
282 2835 359 2918 (1).»
384 2838 494 2897 Nonne
508 2833 562 2896 illa
578 2835 672 2896 verba
692 2834 878 2897 denuntiant
903 2841 1020 2915 quauta
1032 2835 1077 2898 rei
1092 2835 1279 2900 difficultate

125 2944 299 3023 aliquando
316 2944 410 3005 fuerit
420 2942 672 3015 irretitusfouid
685 2943 790 3004 enim?
802 2946 909 3005 Graece
919 2945 1007 3023 loqui
1017 2945 1196 3006 luculenter
1205 2944 1275 3022 soit,
1327 2979 1330 2986 ·

125 3057 157 3115 et
168 3070 253 3132 saepe
267 3053 367 3114 haeret
375 3051 492 3114 inscius
503 3051 579 3131 quid
588 3053 663 3115 velit
671 3052 809 3115 Platonis
817 3054 1004 3132 autEpicuri
1016 3057 1178 3118 sententia.
1187 3059 1279 3136 Saepe

125 3160 222 3223 etiam
247 3162 363 3222 Graecae
380 3160 531 3221 orationis
551 3177 678 3222 sensum
694 3160 854 3241 intelligit,
873 3167 904 3224 et
923 3181 987 3242 quo
1009 3164 1204 3225 manifestius
1220 3165 1279 3227 iste

125 3267 166 3330 sit
184 3265 420 3348 exprimendus,
446 3266 607 3329 interdum
621 3268 773 3328 vocabula
794 3285 936 3347 quaerere
950 3269 1066 3330 frustra
1080 3269 1214 3331 videtur.
1228 3273 1279 3332 ln-
1334 3310 1336 3316 ,

124 3378 173 3437 ter
199 3393 236 3437 ea
250 3377 352 3454 plura,
378 3394 449 3455 quae
465 3379 577 3453 sponte
597 3374 642 3435 illi
660 3378 841 3449 occurrunt,
870 3375 945 3453 quid
965 3375 1147 3455 eligendum
1168 3352 1278 3454 estut

125 3501 175 3546 res
191 3483 334 3545 dilucide
351 3482 549 3564 explicetur?
571 3481 662 3554 Quod
686 3482 823 3562 denique
841 3465 973 3543 verbum
999 3483 1094 3545 debet
1106 3486 1279 3564 anteponit

125 3590 237 3652 Omnia
254 3588 420 3669 aliquoties
433 3588 563 3667 profert,
579 3586 649 3649 data
673 3585 784 3650 lectori
805 3588 953 3649 facultate
973 3589 1012 3650 ad
1027 3607 1126 3651 unum
1150 3591 1277 3671 quodli-

125 3696 181 3760 bet
205 3697 398 3776 eligendum.
428 3695 540 3759 Tribus
569 3694 717 3775 (exempli
743 3694 870 3777 gratia),
896 3700 932 3758 ut
958 3696 990 3757 in
1017 3695 1152 3759 latinum
1170 3699 1309 3779 llpoqqn

125 4016 145 4060 t.
157 4007 232 4075 xlttl,
240 4027 266 4077 p.
278 4011 346 4075 tlt).
357 4010 424 4061 alibi
434 4012 497 4077 (cap.
508 4007 563 4068 vll,
577 4007 675 4074 rimae),
690 4024 766 4074 quum
774 4009 804 4057 de
813 4008 921 4058 numeris
932 4007 1089 4075 Pythagoreis
1098 4008 1194 4059 disserit
1203 4008 1280 4075 Plato,

129 4093 251 4159 quomodo
269 4093 321 4143 fieri
336 4094 417 4161 potuit
434 4104 462 4144 ut
475 4111 489 4145 a
503 4094 536 4145 lt.
552 4094 633 4144 Tullio
649 4094 861 4159 intelligereturt«
873 4093 979 4143 Numero
996 4092 1102 4142 Platonis
1118 4093 1243 4144 obscurius
1258 4114 1282 4154 ι,

128 4176 211 4243 inquit
225 4178 250 4226 ia
263 4178 341 4248 Epist.
358 4177 392 4227 ad
402 4181 452 4247 Ate.
468 4178 531 4246 (vlt,
550 4179 598 4243 ta).
611 4177 642 4229 Se
655 4187 748 4229 tantam
761 4178 935 4229 obscuritatem
946 4178 1066 4229 discutere
1080 4193 1129 4227 nou
1141 4193 1210 4243 posse
1224 4179 1286 4231 dicit

129 4259 153 4311 J.
164 4260 193 4313 V.
210 4260 320 4328 Leclerq.
338 4260 366 4325 (I.
380 4280 403 4313 c.
417 4279 443 4329 p.
460 4264 527 4330 369).

166 4346 203 4413 (1)
220 4348 258 4396 De
268 4346 324 4398 tttn.
339 4345 370 4409 ll,
387 4350 411 4398 5.
