2790 4770
596 297 794 359 -381-

120 462 192 550 τοῦ
221 455 310 545 ὅλου
328 446 468 543 ψυχην·
494 450 557 516 καὶ
577 455 698 528 οὕτως’
723 449 905 543 ἀνάλογον
938 446 1176 542 εὐνομεῖσθαι
1203 450 1285 545 τὸνΙ

113 579 181 646 Δία
200 578 265 644 καὶ
284 582 353 652 τὴν
379 577 508 650 κοινὴν
527 574 678 643 πάντων
698 575 816 640 Φύσιν
842 576 907 644 καὶ
934 573 1177 666 Εἱμαρμένην
1205 573 1271 643 καὶ

114 689 313 793 Ᾰνάγιιην·
334 698 395 766 καὶ
416 701 486 772 τὴν
507 699 627 772 αὐτὴν
647 692 829 764 εἶναικαὶ
859 694 1049 786 Εὐνομίαν
1076 697 1139 763 καὶ
1155 694 1269 769 Δίκην

114 828 176 897 καὶ
194 814 387 917 Οριύνοιαν
406 824 470 888 καὶ
491 822 648 913 Εἰρήνην
666 821 719 891 καὶ
737 810 916 917 Ᾱρροθίτην
935 819 987 887 καὶ
1005 822 1041 886 τὸ
1055 810 1287 914 παραπληόιονΙ

115 953 200 1015 πᾶν·
218 947 328 1039 καὶμὴ
352 942 428 1015 εἶναι
443 947 527 1022 θεοὺς
551 942 678 1050 ἄρρενας
697 936 778 1036 μηδὲ
810 944 944 1029 θηλείας,
977 950 1017 1021 ὡς
1042 934 1124 1034 ριηθὲ
1150 945 1268 1025 πολεις,

115 1063 193 1162 μηδ’
215 1068 339 1164 ἀρετὰς,
358 1063 558 1163 ὀνομάζεσθαι
578 1064 613 1135 δὲ
630 1068 720 1162 μόνον
736 1068 897 1162 ἀρρενικῶς
929 1066 982 1135 καὶ
1004 1066 1153 1153 θηλυκῶς,
1169 1069 1271 1136 ταύτὰ

116 1195 206 1280 ὄντα,
218 1193 355 1286 καθάπερ
372 1171 505 1268 Σελήνην
520 1191 572 1260 καὶ
587 1197 692 1266 Musa.
720 1190 784 1258 Καὶ
802 1192 856 1258 τὸν
875 1173 942 1284 Ᾰρη
958 1180 1047 1283 κῦρος
1065 1201 1120 1258 τοῦ
1133 1192 1273 1286 πολέμου.

116 1343 151 1384 τε
166 1313 306 1385 εἶναικαὶ
321 1327 378 1395 τῆς
394 1311 526 1394 τάξεως·
549 1300 747 1407 Ιθφαιστον
766 1309 810 1383 δὲ
829 1326 901 1408 πῦρ
922 1309 1016 1384 εἶναι
1036 1314 1098 1381 καὶ
1118 1317 1266 1407 Κρόνον

116 1442 342 1532 ἐκκριτικὸν
362 1450 428 1508 τοῦ
448 1443 637 1534 ῥεύματος
656 1441 753 1532 ρύον,
772 1425 867 1507 Ῥέαν
887 1431 929 1506 θὲ
955 1442 1025 1507 τὴν
1044 1450 1126 1535 γῆν,
1145 1438 1214 1506 Δία
1229 1431 1272 1509 θὶ

115 1567 178 1632 τὸν
199 1565 351 1658 αἰθέρα·
376 1566 463 1642 τοὺς
484 1556 524 1630 θὲ
547 1565 612 1631 τὸν
633 1552 808 1649 Ᾰπύλλω,
827 1564 891 1631 καὶ
919 1566 986 1637 τὴν
1007 1568 1271 1658 Δύμητραγῆν

115 1688 133 1761 ἢ
153 1692 194 1756 τὸ
216 1692 249 1757 ἐν
269 1693 367 1782 αὐτῇ
387 1690 531 1783 γύνευρ.
543 1716 572 1757 οι.
598 1688 662 1755 Καὶ
678 1679 899 1780 παιθαριωθῶς
912 1688 1055 1780 λέγεσθαι
1067 1692 1119 1757 καὶ
1136 1687 1270 1783 γράρεσ-

115 1815 168 1882 θαι
182 1816 234 1882 καὶ
253 1813 447 1880 πλάττεσθαι
462 1813 546 1889 θεοὺς
564 1804 813 1903 ἀνθρωποειδεῖς,
830 1811 863 1880 θν
892 1813 1007 1905 τρόπον
1028 1814 1079 1878 καὶ
1093 1813 1196 1892 πόλεις
1220 1813 1272 1880 καὶ

115 1940 277 2031 ποταμοὺς
291 1939 342 2005 καὶ
358 1938 473 2014 τύπους
496 1935 549 2003 καὶ
579 1935 683 2009 πάθη·
708 1934 859 2004 καὶΔία
891 1937 958 2030 μὲν
989 1930 1087 2002 εἶναι
1106 1938 1168 2004 τὸν
1190 1938 1272 2028 περὶ

117 2066 185 2136 τὴν
212 2074 280 2157 γῆν
304 2063 413 2152 ἀέρα,
438 2062 490 2128 τὸν
515 2053 553 2127 θὲ
574 2061 727 2128 σκοτεινὸν
755 2054 868 2145 Αἴθην,
897 2064 962 2128 τὸν
982 2054 1022 2127 δὲ
1039 2053 1100 2126 διὰ
1121 2072 1186 2139 τῆς
1207 2072 1271 2154 γῆς

116 2189 182 2256 καὶ
201 2188 395 2264 θαλάττης
416 2178 608 2255 Ποσειδῶ.
630 2185 778 2266 Καὶ-τοὺς
797 2181 909 2264 ἀλλους
924 2177 960 2254 θὲ
976 2187 1057 2261 θεοὺς
1073 2183 1215 2278 ἀψύχοις,
1230 2194 1270 2264 ὡς

116 2311 171 2377 καὶ
185 2314 325 2393 τούτους,
339 2317 510 2395 συνοικειοῖ,
524 2313 577 2379 καὶ
593 2316 646 2379 τὸν
662 2294 756 2380 [θλιον
784 2313 886 2390 αύτως
900 2311 954 2378 καὶ
978 2313 1034 2385 τὴν
1057 2313 1190 2386 Σελήνην
1208 2313 1289 2382 καὶ.

117 2436 191 2515 τοὺς
214 2432 324 2514 ἀλλους
343 2437 475 2528 ἀστέρας
494 2436 578 2514 θεοὺς
597 2435 696 2503 οἴεται
712 2436 765 2504 καὶ
789 2437 842 2503 τὸν
871 2436 1000 2528 Νύμον·
1027 2436 1080 2504 καὶ
1097 2435 1273 2530 ἀνθρώπους

117 2560 158 2637 εἰς
173 2562 257 2660 θεούς
273 2586 348 2654 φησι
369 2560 563 2656 μεταύαλεῒν.

412 2846 445 2895 Ex
459 2847 588 2912 Cirerone,
601 2846 632 2896 de
646 2849 742 2910 Natura
756 2852 874 2909 Deorum,
890 2849 917 2908 l,
935 2853 973 2901 15.

156 3038 191 3099 rt
204 3035 469 3117 Perseus,'ejusdem
489 3047 610 3103 Zenonis
629 3046 750 3110 auditor,
779 3062 826 3102 eos
840 3047 916 3103 dioec
930 3062 989 3103 esse
1010 3043 1129 3103 habitos
1145 3049 1229 3114 Deos,
1253 3061 1275 3100 o

116 3133 224 3204 quibus
236 3148 351 3203 παραυ
364 3132 479 3188 urr'lr‘ros
492 3135 535 3190 uu
549 3136 741 3192 ortu-cultum
755 3141 829 3191 esset
841 3139 976 3204 iueeuto‚·
990 3136 1117 3208 ipsasque
1128 3150 1173 3191 res
1183 3134 1275 3200 utiles,

116 3232 146 3276 ει
159 3220 307 3285 salutares,
322 3224 445 3278 Deorum
459 3237 520 3279 esse
531 3223 672 3281 vocubulis
690 3232 884 3296 nuncupatas:
902 3231 935 3280 ut
949 3238 985 3280 υο
1000 3222 1053 3279 hoe
1068 3221 1181 3294 quidem
1195 3223 1274 3279 dice-

115 3317 159 3365 ret
172 3308 216 3364 ἰΙΙο
232 3308 343 3366 inventa
359 3325 417 3369 esse
433 3313 568 3376 Deorum,
584 3311 634 3369 sed
648 3312 706 3384 ipsu
721 3312 823 3369 divina.
840 3318 904 3387 Quo
918 3313 989 3385 quid
1003 3312 1171 3381 absurdius,
1186 3328 1275 3383 quom

116 3404 174 3454 out
186 3413 234 3454 res
246 3399 383 3455 sordidos
395 3409 484 3473 arque
496 3401 644 3466 deformes
656 3406 783 3458 Deorum
796 3402 904 3458 horrore
918 3400 1048 3473 afficere,
1067 3408 1123 3458 out
1144 3401 1275 3458 homiues

109 3491 184 3558 jam
196 3493 290 3543 morte
303 3487 414 3545 deletos
424 3504 563 3561 reponere
577 3489 607 3545 in
627 3492 713 3555 Deos,
730 3506 850 3563 quorum
866 3490 957 3546 omnis
970 3491 1062 3547 uultus
1077 3499 1151 3546 esset
1165 3488 1274 3547 futurus

117 3576 145 3631 in
160 3576 255 3632 luctu?

151 3669 220 3720 lom
232 3680 301 3720 rero
316 3663 506 3738 Chrysippus,
525 3665 572 3738 qui
596 3666 754 3724 Stoicorum
780 3668 955 3725 somniorum
970 3666 1136 3724 vaferrimus
1155 3666 1275 3724 habetur

115 3750 262 3822 interpres,
276 3767 405 3824 maguam
417 3752 530 3808 turbam
542 3761 691 3827 congregat
707 3753 867 3826 ignotorum
886 3757 1022 3824 Deorum,
1038 3762 1121 3826 atque
1139 3753 1176 3810 its
1190 3753 1274 3824 igno·

115 3848 221 3905 torum,
245 3847 276 3895 ut
295 3855 344 3896 eos
365 3856 400 3896 ne
416 3840 572 3913 conjectura
594 3841 707 3914 quidem
729 3841 878 3900 informare
901 3843 1055 3916 possimus,
1085 3856 1171 3914 quum
1194 3856 1275 3898 mens

114 3936 209 3984 nostra
223 3926 332 3999 quidvis
344 3927 469 3984 videatur
480 3928 645 4001 rogitatione
657 3945 737 4009 posse
749 3931 908 4004 depingere.
923 3934 969 3987 Art
977 3933 1056 3986 euim
1068 3933 1126 3985 rim
1137 3928 1273 3984 divinam

114 4021 147 4074 iu
161 4021 278 4074 rotioue
289 4033 349 4074 esse
360 4022 491 4090 positam
515 4025 545 4075 et
566 4023 707 4076 uuioersae
726 4029 842 4078 rsoturu
864 4024 963 4077 auimo
981 4027 1070 4092 utque
1089 4025 1201 4088 meuu,·
1225 4021 1275 4090 ip·

113 4122 235 4178 sumque
253 4107 393 4162 muudum
411 4112 501 4162 Deum
514 4108 588 4163 droit
600 4124 670 4179 esse,
693 4117 723 4166 et
738 4113 802 4181 ejus
815 4113 911 4165 aur‘rur'
924 4109 1069 4182 fusionem
1082 4111 1273 4175 uur‘rersom

115 4202 178 4250 turn
189 4197 249 4266 eJ'us
260 4196 353 4266 ipsus
364 4198 578 4267 primipotom,
595 4201 647 4268 qul
660 4203 690 4252 r'u
702 4204 795 4255 mente
809 4205 838 4255 et
852 4202 967 4254 rotrone
980 4205 1121 4260 serretur,
1146 4211 1272 4275 romutu-

115 4300 238 4355 uemque
255 4300 354 4339 rerum
370 4290 513 4340 uoturorn
525 4288 693 4342 uniuersum
709 4295 797 4360 arque
809 4289 910 4343 omnio
921 4289 1111 4343 corur'ueutem
1118 4308 1130 4356 ,·
1145 4291 1205 4342 tum
1213 4282 1271 4354 su·
