2790 4770
553 354 597 367 -
625 321 682 384 ur
708 279 758 368 -”

65 477 130 542 ὅσα
148 475 265 570 τρορύν
280 479 381 569 μνίτηρ
401 470 510 551 οὐσαὴ
526 483 566 569 γῆ
581 473 656 568 πρὸς
679 483 780 542 ταῦτα
796 434 911 566 eriperet
932 475 1093 560 βούλεσθαι
1113 476 1222 568 ρέρειν,

67 604 149 695 μήτε
163 594 223 680 ζῶν
240 603 319 694 μήτε
334 626 380 680 τις
399 599 557 670 ἀποθανὼν
577 598 723 692 στερείτω
749 600 803 668 τὸν
822 591 909 678 ζῶνθ’
940 607 1039 695 η’μῶν.
1062 603 1166 692 Χῶμα
1188 590 1223 668 δὲ

68 732 114 823 μη
135 738 208 822 χοῶν
227 724 415 822 ὑψηλότερον
434 706 526 797 πέντε
538 716 656 820 ἀνδρῶν
672 727 758 822 ἔργον
775 731 803 794 έν
819 726 901 794 πένθ’
914 731 1041 823 ἡμέραις
1056 727 1226 797 inerunt·

70 878 174 945 μενον,
186 851 288 920 λίθινα
303 842 339 919 δὲ
360 853 558 944 ἐπιστήματα
574 850 616 941 μὴ
634 842 729 940 μείζω
745 855 853 932 ποιεῖν,
871 846 890 924 ἢ
915 851 972 917 ὅσα
990 841 1146 944 δέχεσθαι,
1165 860 1226 919 τῶν

69 986 129 1046 τοῦ
150 975 410 1054 τετελευτηκότος
435 977 572 1071 ἐγκώμια
600 971 668 1059 βίον
700 974 741 1067 μή
777 973 872 1041 πλείω
905 973 1060 1069 τεττάρων
1088 981 1227 1069 ἡρωϊκῶν

69 1103 201 1197 στίχων.

464 1201 524 1261 Cio,
540 1199 571 1250 de
584 1201 699 1270 tepeat,
715 1217 770 1268 cap.
785 1204 827 1253 ii.

105 1327 149 1382 De
162 1324 313 1398 sepulchris
321 1333 415 1381 autem
428 1323 525 1396 (Plato)
536 1323 596 1380 haeo
608 1321 684 1379 dicit.
699 1325 784 1379 Vetat
799 1338 832 1379 ex
843 1339 909 1394 agro
921 1325 1007 1394 culto,
1023 1340 1101 1397 eove,
1116 1324 1165 1398 qui
1174 1325 1228 1382 ooli

70 1414 174 1489 possit,
189 1414 276 1471 uilem
291 1420 398 1486 purtem
413 1411 483 1469 sumi
499 1411 663 1486 sepulch103
679 1411 743 1478 sed,
758 1427 822 1484 quae
842 1419 942 1470 nutura
958 1414 1016 1489 agri
1031 1412 1230 1471 tantummodo

70 1502 184 1561 efficere
196 1503 294 1576 possit,
307 1510 338 1559 ut
348 1511 523 1560 mortuorum
536 1517 653 1575 corpora
667 1501 727 1558 sine
739 1500 907 1558 detrimento
923 1502 1051 1559 vivorum
1064 1503 1190 1575 recipiat,
1200 1517 1234 1559 ee

72 1591 251 1664 potissimum
266 1600 298 1648 ut
317 1590 503 1663 compleatur3
524 1604 588 1662 quoe
602 1597 697 1646 autem
712 1597 786 1646 terre
805 1589 901 1662 fruges
919 1589 1002 1659 ferre,
1018 1599 1062 1659 et,
1083 1600 1114 1648 ut
1130 1598 1231 1648 muter,

71 1680 151 1738 eibos
162 1679 337 1752 suppeditare
350 1679 447 1752 possit,
463 1692 526 1734 eam
536 1678 646 1750 nequis
659 1677 739 1734 nohis
753 1678 871 1743 minuet,
886 1695 956 1738 nere
967 1679 1055 1747 vivus,
1073 1695 1141 1736 nere
1153 1695 1231 1736 mor·

71 1777 147 1828 tuus.
163 1769 274 1826 Exstrui
288 1777 383 1826 autem
401 1774 474 1823 vetat
491 1765 670 1840 sepulchrum
688 1767 781 1839 attius,
802 1783 888 1841 quom
906 1768 982 1841 quod
996 1769 1119 1841 quinque
1133 1767 1231 1824 diebus

72 1858 203 1917 homines
214 1857 334 1931 quinque
349 1855 526 1926 absolverint,
540 1871 592 1912 neo
605 1871 621 1913 e
634 1853 724 1928 lapide
738 1855 850 1912 excitari
862 1859 937 1928 plus,
948 1873 998 1913 neo
1014 1857 1132 1929 imponi,
1145 1872 1230 1930 quarn

72 1947 150 2022 quod
161 1948 253 2020 capiet
263 1945 374 2003 leudem
385 1945 505 2014 mortui,
518 1944 634 2002 incisam
647 1960 683 2002 ne
691 1944 755 2018 plus
769 1954 889 2019 quatuor
900 1946 992 2003 herois
1004 1944 1146 2015 versibur3
1161 1959 1231 2017 quos

70 2038 173 2112 longos
183 2036 303 2115 appellat
311 2034 427 2093 Ennius.

454 2300 588 2359 Πλάτωνος
602 2301 713 2369 Γοργίας,
727 2319 783 2368 ιιεφ.
801 2303 850 2371 te}

127 2435 172 2500 Π.
188 2470 237 2484 -
252 2418 408 2523 Ᾰρχεθιαον
428 2417 469 2501 διί
496 2453 555 2494 που
581 2437 692 2496 τοῦτον
715 2429 769 2496 τὸν
797 2419 967 2522 Περδίκκου
991 2433 1062 2524 ὁρᾷς
1090 2424 1229 2522 ἄρχοντα

73 2548 291 2639 Μακεδονίας;

129 2688 168 2754 Σ.
191 2715 243 2730 --
264 2679 302 2747 Et
322 2671 357 2748 δὲ
377 2683 432 2774 μὴ,
445 2679 514 2748 ἀλλ’
536 2679 637 2749 ἀκούω
657 2706 704 2776 γε.

129 2816 176 2882 Π.
198 2799 434 2900 -Εὐδαίμων
450 2802 501 2876 οὐν
516 2833 564 2875 σοι
580 2798 668 2876 δοκεῖ
681 2779 784 2882 εἶναιῆ
800 2801 924 2893 έθλιος;

130 2938 166 3004 2.
183 2916 239 2983 -Ᾰ-
257 2936 327 3004 Οὐκ
343 2923 427 3024 οἶδα,
446 2929 588 3002 ὦΠῶλε.
604 2935 651 3000 Οὐ
667 2932 726 3028 γαίρ
744 2960 793 3001 ττω
808 2934 978 3029 συγγέγονα
996 2943 1039 3024 τῷ
1059 2925 1160 3030 ἀνδρί.

129 3066 177 3131 Π.
198 3102 246 3119 -
260 3062 300 3132 Τί
326 3053 396 3146 δαίς
419 3060 636 3155 συγγενόμενος
661 3055 697 3130 ὐιν
714 3061 833 3157 γνοίης,
862 3056 962 3140 ἄλλως
986 3052 1022 3129 δὲ
1051 3034 1177 3129 αὐτόθεν
1192 3064 1227 3135 οὐ

74 3192 254 3288 γιγνώσκεις
265 3190 312 3256 ὅτι
326 3179 512 3280 εὐδαιμονεῖς

130 3319 170 3385 Σ.
189 3309 309 3379 -Mi
324 3310 381 3381 Δία
395 3315 427 3379 οὐ
444 3302 540 3386 δῆτα.

129 3442 176 3506 Π.
195 3472 246 3486 -
267 3442 363 3514 Δῆλον
389 3428 443 3523 δὴ,
471 3432 496 3502 ὦ
523 3438 697 3529 Σώκρατες,
723 3439 772 3504 ὅτι
799 3426 870 3502 οὐδὲ
900 3434 952 3500 τύν
978 3434 1072 3527 μέγαν
1101 3433 1231 3518 βασιλέα

73 3569 254 3663 γιγνώσκειν
270 3567 372 3658 φήσεις
391 3554 559 3654 εὐδαίμονα
577 3560 664 3629 ὅντα.

132 3694 167 3760 Σ.
183 3687 313 3755 -Καὶ
333 3688 430 3763 ἀληθῆ
451 3691 480 3784 γ’
500 3690 568 3780 ἐρῶ.
590 3690 637 3753 Οὐ
656 3682 713 3780 γὰρ
731 3674 804 3749 οἶδα
823 3670 965 3760 παιδείας
987 3682 1069 3760 ὅπως
1090 3680 1151 3772 ἔχει
1180 3680 1232 3747 καὶ

75 3811 285 3892 δικαιοσύνης.

133 3945 178 4008 Π.
196 3939 303 4006 -Τί
318 3928 369 4022 δές
385 3940 414 4003 έν
433 3938 533 4021 τούτῳ
552 3940 638 4002 πᾶσα
655 3939 674 4009 η
694 3924 873 4025 εὐδαιμονία
891 3931 992 4016 ἐστίνς

133 4070 168 4137 Σ.
184 4100 239 4113 --
251 4046 296 4144 (ir
321 4089 355 4158 γε
373 4065 432 4156 ἐγὼ
452 4063 544 4155 λέγω,
563 4056 587 4126 ὦ
610 4064 711 4126 Πῶλε.
729 4060 791 4127 Τὸν
812 4059 865 4149 μὲν
890 4053 949 4150 γὰρ
977 4056 1070 4122 καλὸν
1097 4054 1231 4148 κᾴγαθὸν

76 4183 179 4285 ἄνδρα
192 4191 245 4259 καὶ
259 4197 387 4286 γυναῖκα
401 4180 569 4280 εὐδαίμονα
582 4181 657 4254 εἷναί
669 4211 766 4278 ρημι·
782 4185 833 4254 τύν
849 4176 884 4251 δὲ
899 4175 1004 4251 σ’ίδιιιον
1021 4185 1071 4251 καὶ
1086 4185 1231 4277 πονηρὸν,

77 4314 200 4387 ἄθλιον.
