2790 4770
581 317 784 379 -237-

100 456 255 530 oriminis,
272 475 344 536 quat
366 459 474 519 Graece
499 454 598 521 Στάσις
622 453 751 528 dieitur,
772 453 869 515 latine
891 449 1068 530 appellatur
1090 452 1185 507 status
1199 465 1210 506 .·
1228 444 1260 507 in

98 581 166 641 quo
179 553 319 642 primuni
333 550 451 624 insistit
465 561 554 640 quasi
569 562 608 622 ad
625 562 866 642 repugnandum
880 574 1048 639 congressa
1063 554 1217 616 defensio.
1278 546 1281 551 ’

142 669 282 730 Ibidem:
304 670 412 731 -Sed
442 687 513 747 quae
539 686 578 729 ea
605 673 691 728 stam
718 667 862 728 eontentio
889 664 1036 735 efficitur,
1060 679 1130 724 eam
1158 657 1258 722 Graeci

99 770 263 852 Κρινόμενον
277 778 390 834 vocant
412 790 419 832 :
436 769 514 832 mihi
538 773 642 850 placet
656 770 688 833 id
702 769 865 849 (quoniam
880 766 1011 847 quidem
1026 766 1064 827 ad
1081 771 1111 827 te
1125 760 1256 841 scribo),

97 898 161 958 qua
177 879 213 940 de
226 898 258 940 re
271 883 388 957 unitur,
405 877 522 941 vocari.

140 983 187 1045 De
203 984 342 1058 Oratore,
357 987 380 1058 1,
398 1002 467 1063 cap.
484 987 503 1046 3
520 1005 527 1045 :
552 1019 591 1028 -
604 986 711 1064 Neque
729 983 814 1046 enim
839 989 870 1046 te
883 984 964 1064 fugit
980 979 1095 1043 artium
1111 975 1256 1040 omnium

98 1091 299 1153 laudatarum
326 1088 571 1168 procreatricem
599 1091 781 1170 quamdam,
810 1095 841 1151 et
870 1088 960 1169 quasi
981 1090 1147 1166 parentem
1173 1100 1256 1180 eam,

97 1214 197 1276 quam
224 1195 389 1278 Φιλοσοφίαν
412 1195 512 1259 Graeci
531 1203 646 1260 vocant
670 1198 709 1259 ab
734 1195 919 1259 hominibus
953 1190 1146 1257 doctissimis
1172 1189 1260 1271 judi-

98 1300 204 1364 cari...
732 1361 736 1369 ,

143 1410 215 1489 Gap.
226 1413 265 1471 45
283 1413 458 1490 z-Itaque
475 1429 549 1488 non,
567 1417 602 1474 ut
615 1413 699 1492 apnd
712 1413 836 1475 Gnecos
848 1410 949 1474 infimi
965 1408 1122 1484 homines,
1135 1424 1257 1469 meree·

97 1518 178 1580 dula
191 1516 331 1593 adducti,
352 1519 514 1581 ministros
526 1537 558 1580 se
587 1520 732 1599 praebent
746 1520 778 1581 in
794 1519 924 1601 judiciis
939 1516 1132 1593 oratoribus,
1150 1515 1184 1593 ii,
1201 1515 1257 1596 qui

95 1626 185 1706 apud
204 1624 273 1688 illos
297 1626 486 1705 Πραγματικοὶ
499 1633 663 1705 vocantur,
681 1626 728 1690 sie
751 1628 784 1690 in
800 1633 907 1690 nostra
922 1623 1089 1689 civitate...

181 1732 247 1795 Lib.
264 1734 299 1807 11,
316 1751 382 1814 cap.
398 1736 437 1797 38
463 1753 470 1795 :
495 1736 595 1796 —Ex
621 1734 722 1798 trihus
746 1735 814 1798 istis
839 1730 1018 1796 clarissimis
1044 1724 1256 1809 philosophis

96 1858 182 1922 quos
196 1843 328 1901 Romam
351 1840 471 1903 venisse
497 1839 615 1916 dixisti,
643 1843 771 1904 videsne
797 1840 967 1921 Diogenem
979 1835 1087 1912 fuisse,
1105 1831 1161 1913 qui
1174 1832 1261 1913 diee-

96 1952 268 2022 retortam
293 1964 326 2009 se
338 1948 461 2009 tradere
473 1946 546 2008 bene
563 1947 744 2017 disserendi,
759 1952 791 2009 et
804 1964 876 2008 vera
890 1964 927 2006 ac
937 1943 1025 2004 'falsa
1046 1938 1257 2020 dijudicandi,

95 2070 196 2132 quam
209 2053 305 2139 verbo
317 2053 426 2115 Graeeo
444 2074 451 2115 :
473 2054 701 2126 ‹insaturatus›
722 2052 920 2134 appellaret?

139 2158 206 2220 Lib.
235 2161 272 2234 11,
303 2177 373 2237 eap.
391 2162 431 2221 63
458 2178 466 2220 ε
492 2193 533 2206 -
557 2160 703 2222 Alterum
718 2176 818 2239 genus
832 2163 889 2235 est,
907 2154 993 2235 quod
1019 2151 1116 2214 habet
1129 2167 1259 2230 paruam

95 2266 185 2327 verbi
197 2269 450 2343 immutationem,
465 2266 552 2346 quod
567 2265 599 2326 in
613 2267 715 2329 littera
731 2254 872 2347 positum
885 2261 986 2328 Graeci
999 2264 1116 2324 vocant
1138 2279 1153 2317 u
1167 2259 1260 2339 Παρο-
1325 2305 1326 2308 ,

95 2373 228 2452 inpactae
244 2395 271 2449 u,
288 2379 323 2435 ut
335 2374 528 2452 Nobiliorem,
548 2397 563 2435 a
576 2376 758 2438 mobiliorem
768 2400 782 2436 u
803 2378 917 2439 Cato...

15 2500 19 2507 ’
139 2481 206 2544 Lib.
225 2485 264 2557 11,
283 2501 351 2563 cap.
368 2488 405 2546 61
434 2503 441 2546 :
466 2518 500 2530 -
514 2485 639 2547 Urbana
665 2484 761 2548 etiam
777 2485 979 2548 dissimulatio
1001 2487 1060 2555 est,
1077 2495 1178 2560 quum
1196 2474 1258 2537 alia

97 2589 249 2653 dicuntur
274 2609 310 2653 ae
331 2593 481 2655 sentias...
505 2595 540 2654 ln
556 2593 619 2656 hoc
644 2601 758 2674 genere
782 2593 921 2657 Fannius
947 2594 980 2654 in
998 2588 1170 2653 Annalibus
1193 2585 1258 2646 suis

98 2697 284 2760 Africanum
306 2699 392 2762 hune
415 2699 622 2763 AEmilianum
646 2700 723 2765 dicit
745 2702 854 2777 fuisse,
879 2709 910 2765 et
938 2719 1011 2764 cum
1034 2716 1138 2779 graeco
1158 2694 1255 2758 verbo

97 2805 238 2883 appellat
256 2825 271 2862 a
285 2803 392 2886 Εἴρωνα
417 2824 454 2867 :u
472 2808 538 2882 sed,
552 2805 601 2869 uti
623 2796 731 2870 ferunt
749 2807 803 2888 qui
819 2806 933 2871 melius
956 2809 1025 2869 hene
1051 2806 1178 2875 norunt,
1203 2800 1259 2860 So·

96 2917 220 2983 cratem
235 2911 348 2993 opinor
360 2911 394 2974 in
409 2914 468 2975 hac
487 2936 502 2972 a
518 2915 646 2998 Ιίἰρωνείᾳ
656 2939 670 2975 u
690 2916 982 2994 dissimulantiaque
996 2916 1090 2993 longe
1104 2913 1213 2988 lepore
1227 2914 1258 2970 et

96 3023 296 3085 humanitate
315 3021 464 3086 omnibus
479 3023 674 3102 praestitisse.

139 3126 358 3209 tih.111,eap.
384 3133 423 3193 18
441 3149 448 3191 :
481 3166 520 3177 -
545 3129 663 3193 Dicunt
686 3130 784 3211 igitur
804 3151 888 3195 nune
914 3131 1046 3213 quidem
1064 3131 1123 3209 1111,
1145 3135 1199 3213 qui
1221 3151 1272 3196 ex*

96 3234 255 3316 particula
269 3254 364 3316 parva
377 3235 465 3299 urbis
479 3254 515 3300 ac
535 3236 596 3300 loci
610 3256 728 3300 nomen
742 3239 871 3316 habent,
895 3246 926 3302 et
940 3238 1144 3319 Peripatetici
1157 3241 1259 3321 philo·

83 3338 190 3422 'sophi
210 3347 265 3404 aut
287 3342 470 3405 Academici
495 3343 714 3422 nominantur,
734 3344 943 3422 alimaniam,
960 3352 1092 3426 propter
1107 3345 1258 3410 eximiam

96 3466 205 3512 rerum
234 3447 443 3511 maximarum
469 3448 646 3527 scientiam,
666 3451 813 3514 aGraeeis
839 3473 853 3509 u
865 3453 1005 3512 ssotisoat
1019 3453 1156 3537 prticipes
1172 3476 1186 3513 n
1205 3473 1259 3533 ap-

95 3552 219 3636 pellati,
233 3551 451 3617 universarum
468 3573 576 3618 rerum
597 3557 797 3635 publicarum
813 3551 1182 3624 nomine‘voeahantur...

137 3659 207 3722 Lib.
237 3661 288 3738 111,
316 3678 385 3740 cap.
408 3665 448 3725 18
471 3680 478 3723 :
503 3698 543 3708 -
559 3664 632 3739 Quae
650 3665 815 3746 (membra)
839 3667 865 3728 si
889 3667 921 3729 in
946 3674 1089 3732 extremo
1114 3667 1259 3732 breviora

96 3777 183 3842 sunt,
205 3770 387 3851 infringitur
412 3771 465 3835 ifle
480 3773 569 3853 quasi
584 3775 741 3838 uerborum
761 3777 890 3840 ambitus
905 3779 1089 3862 [ssspritooek
1107 3779 1154 3843 sic
1169 3779 1256 3844 enim

95 3877 154 3938 bas
170 3875 316 3938 orationis
334 3878 537 3940 conversiones
556 3880 657 3943 Graeci
673 3882 852 3945 nominant.

137 3983 269 4058 Brutus,
287 3999 356 4060 cap.
373 3985 409 4044 15
427 4002 434 4044 :
451 4016 492 4030 —
561 3986 730 4067 Suadaeque
746 3987 893 4066 medulla,
911 3968 917 3978 ’

142 4083 286 4145 11111111»
317 4105 413 4166 quam
426 4097 539 4152 vocant
560 4091 677 4168 Graeei;
706 4094 796 4174 eujus
817 4096 949 4159 effector
970 4103 1018 4161 est
1035 4103 1142 4159 orator
1155 4117 1162 4171 ;
1176 4096 1258 4157 hanc

98 4196 232 4257 Suadam
248 4195 419 4276 appellavit
435 4197 590 4262 Ennius...

138 4302 214 4382 Cap.
231 4308 267 4366 17
283 4323 290 4365 :
307 4336 347 4348 —
361 4303 471 4367 Ornari
492 4304 670 4370 orationem
684 4309 783 4371 Graeci
800 4314 922 4389 putant,
935 4310 961 4370 si
972 4310 1128 4372 uerborum
1142 4313 1256 4395 immet·
