2790 4770
594 321 797 383 -mr-

114 461 357 541 criminisque
379 464 488 524 Graece
512 458 611 525 Στάσις
635 457 764 532 dicitur,
785 457 881 518 latine
903 451 1080 532 appellatur
1103 455 1198 509 status
1212 467 1223 508 .·
1241 447 1273 509 in

112 588 178 647 quo
192 558 332 647 primum
346 554 464 629 insistit
478 566 567 645 quasi
582 567 621 626 ad
638 566 878 646 repugnandum
893 577 1060 642 congressa
1075 556 1230 619 defensio.
1291 549 1294 554 ’

154 674 295 736 Ibidem:
317 675 425 736 -Sed
455 691 527 752 quac
552 691 591 734 aa
619 677 704 733 statu
731 670 874 732 contentia
902 667 1049 738 efficitur,
1073 682 1143 727 eam
1171 660 1271 725 Graeci

114 776 277 858 Κρινόμενον
290 782 403 839 vocant
425 796 432 838 ε
450 774 528 837 mihi
550 775 654 854 placet
669 774 701 836 id
715 772 878 853 (quoniam
894 769 1024 851 quidem
1038 769 1077 830 ad
1095 773 1124 830 te
1138 763 1269 844 scribo),

112 904 174 964 qua
190 885 226 946 de
240 903 271 946 re
285 888 402 962 aaitur,
419 881 535 945 vocari.

152 989 199 1051 De
216 990 355 1063 Oratore,
370 992 394 1064 1,
412 1007 481 1068 cap.
498 992 516 1051 3
534 1009 541 1050 :
566 1023 604 1032 -
618 990 724 1068 Neque
741 987 827 1050 enim
852 993 883 1050 tc
896 987 978 1067 fugit
993 983 1109 1046 artium
1124 978 1270 1044 omnium

113 1097 312 1158 laudatarum
339 1093 585 1173 procreatricem
613 1095 794 1174 quamdam,
823 1100 855 1154 et
884 1091 974 1172 quasi
995 1093 1160 1170 parentem
1187 1102 1269 1183 eam,

113 1220 210 1282 quam
238 1200 403 1283 mitescatis
427 1200 526 1264 Gracci
544 1207 659 1265 vocant
683 1203 722 1264 ab
748 1199 932 1262 hominihus
966 1193 1160 1260 doctissimis
1186 1191 1274 1273 judi-
1313 1240 1316 1244 .

114 1307 217 1370 cari...
746 1365 749 1373 ,

156 1416 229 1495 Cap.
240 1418 279 1476 45
297 1419 471 1495 z-ltaquc
489 1434 563 1493 non,
580 1422 616 1478 ut
628 1417 713 1497 apud
725 1417 850 1479 Graecos
862 1413 963 1477 infimi
979 1411 1136 1487 homines,
1149 1426 1271 1472 merce·

114 1524 191 1585 dula
204 1521 345 1598 adducti,
367 1524 572 1586 ministrasse
601 1525 746 1604 praehent
760 1523 792 1586 in
808 1523 938 1605 judiciis
953 1520 1146 1596 oratoribus,
1164 1517 1198 1595 ii,
1215 1517 1271 1598 qui

113 1631 199 1712 apud
217 1629 288 1693 illos
312 1631 500 1711 Πραγματικοὶ
512 1637 677 1709 vocantur,
696 1631 741 1694 sic
765 1631 798 1693 in
814 1637 922 1694 nostra
936 1626 1103 1691 civitate...

194 1737 262 1801 Lib.
278 1739 314 1812 11,
331 1756 397 1819 cap.
412 1740 452 1802 38
477 1758 484 1800 :
509 1740 609 1800 -Ex
635 1738 736 1801 trihus
760 1739 828 1802 istis
853 1733 1032 1800 ctarissimis
1058 1728 1270 1811 philosophis,

113 1863 196 1928 quos
210 1849 343 1907 Romam
365 1844 486 1908 venisse
511 1843 629 1921 dixisti,
657 1847 785 1908 videsne
811 1844 981 1925 Diogenem
993 1839 1101 1915 fuisse,
1119 1834 1175 1916 qui
1188 1835 1275 1915 dice·

112 1959 283 2028 retortam
308 1968 340 2013 sc
352 1953 476 2014 tradere
488 1951 560 2013 deae
577 1952 758 2022 disserendi,
773 1956 805 2013 et
818 1969 890 2013 vera
904 1967 941 2010 ac
952 1947 1039 2008 'falsa
1060 1940 1271 2023 dijudicandi,

112 2077 210 2139 quam
224 2058 320 2144 verbo
332 2059 441 2121 Graeco
459 2079 466 2120 :
488 2058 716 2130 «distinxistis
737 2056 934 2137 appellaret?

153 2164 220 2226 Lib.
250 2167 287 2239 ΙΙ,
317 2182 387 2242 cap.
406 2167 445 2226 63
473 2183 480 2224 :
507 2197 547 2210 -
572 2163 718 2225 Alterum
732 2181 832 2243 genus
847 2167 904 2238 est,
922 2159 1007 2239 quod
1033 2155 1131 2217 hahet
1144 2169 1274 2233 paratam

111 2272 198 2333 verbi
211 2275 465 2348 immutationem,
480 2270 567 2350 quod
581 2269 613 2331 in
627 2271 729 2333 littera
746 2257 887 2353 positum
900 2264 1000 2330 Graeci
1014 2268 1131 2327 vocant
1152 2281 1167 2319 a
1182 2261 1274 2341 Παρο-

111 2379 242 2458 νομασίαν
259 2400 286 2454 a,
303 2385 337 2441 ut
350 2379 543 2456 Nobiliorem,
563 2401 578 2439 c
591 2380 773 2442 mobiliorem
783 2403 797 2439 u
818 2382 932 2442 Cata...

153 2487 220 2550 Lib.
239 2490 279 2562 ΙΙ,
297 2506 366 2568 cap.
383 2492 420 2552 67
449 2508 456 2550 :
481 2489 654 2551 -Urbana
679 2488 777 2551 etiam
792 2488 994 2551 dissimulatio
1015 2490 1075 2558 est,
1091 2497 1193 2563 quum
1210 2477 1273 2540 alia

114 2595 264 2659 dicuntur
289 2615 325 2658 aa
346 2598 496 2659 sentias...
520 2599 555 2658 ln
571 2598 634 2660 hoc
658 2604 773 2678 genere
797 2597 936 2660 Fannius
962 2598 994 2657 in
1013 2591 1185 2656 Annalibus
1208 2587 1273 2649 suis

114 2703 299 2766 Africanum
321 2705 406 2768 hunc
430 2703 637 2768 AEmilianum
660 2705 738 2769 dicit
760 2706 869 2781 tuisse,
894 2712 924 2768 et
953 2722 1026 2768 eum
1049 2719 1153 2782 graeco
1173 2697 1271 2760 verbo

113 2810 253 2889 appellat
272 2831 286 2868 a
300 2808 407 2891 Εἴρωνα
432 2829 469 2871 :u
487 2813 553 2885 scd,
567 2809 616 2873 uti
639 2800 746 2874 ferunt
764 2810 818 2891 qui
834 2810 948 2873 melius
971 2812 1040 2872 hacc
1065 2808 1193 2877 norunt,
1218 2802 1291 2864 So·¹

113 2923 234 2995 cratem
250 2917 363 2998 opinor
375 2916 409 2978 -in
424 2919 484 2980 hac
502 2940 517 2976 a
533 2918 661 3002 Ιίἰρωνείᾳ
671 2943 685 2979 a
706 2919 997 2998 dissimulantiaque
1012 2919 1105 2996 longe
1119 2915 1228 2990 lepore
1243 2916 1274 2973 ct

113 3028 312 3090 humanitate
331 3026 479 3091 omnibus
493 3028 689 3107 praestitisse.

152 3133 221 3197 Lib.
235 3136 286 3210 ΙΙΙ,
305 3152 373 3213 cap.
399 3137 464 3198 28:
496 3171 535 3182 -
561 3134 678 3196 Dicunt
702 3133 799 3214 igitur
820 3154 903 3198 nnnc
928 3133 1061 3215 quidem
1079 3133 1138 3211 ilii,
1161 3137 1215 3216 qui
1237 3153 1287 3198 ex·
1361 3116 1363 3121 ’

112 3240 270 3322 particula
285 3259 379 3321 parva
392 3225 480 3304 urbis
494 3260 530 3305 ac
551 3241 611 3304 loci
625 3260 743 3304 nomen
758 3242 887 3318 habent,
911 3249 942 3305 ct
956 3241 1160 3323 Peripatetici
1172 3243 1275 3322 philo·

101 3344 206 3429 'sophi
226 3353 281 3411 aut
303 3347 485 3410 Academici
511 3347 729 3426 nominantur,
750 3348 828 3410 olim
841 3354 959 3424 autem,
976 3356 1108 3429 propter
1123 3347 1274 3411 eximiam

113 3472 220 3519 rerum
250 3452 458 3515 maximarum
485 3453 662 3531 scientiam,
681 3454 829 3517 aGraec'is
855 3476 869 3512 a
881 3456 1021 3515 Πολιτικοὶ
1034 3455 1172 3539 φιλόσοφοι
1188 3478 1201 3516 a
1221 3475 1275 3537 ap·

113 3558 234 3640 pullati,
249 3557 466 3621 universarum
484 3577 592 3622 rerum
613 3560 814 3639 publicarum
829 3554 1198 3627 nomine‘vocabantur...

152 3664 223 3728 Lib.
252 3667 304 3744 ΙΙΙ,
331 3683 401 3746 cap.
423 3669 463 3728 48
487 3685 494 3727 :
518 3702 559 3712 -
574 3668 648 3743 Qua
665 3669 832 3750 (membra)
855 3671 881 3731 si
905 3670 937 3732 in
962 3676 1105 3734 extremo
1130 3670 1276 3734 breviora

114 3783 198 3848 sunt,
220 3776 402 3857 infringitur
428 3775 481 3840 ille
496 3778 585 3857 quasi
600 3779 757 3842 uerborum
777 3781 907 3843 ambitus
921 3782 1105 3865 [Περιόδους];
1123 3782 1170 3846 sic
1185 3783 1272 3846 enim

113 3882 169 3944 lias
185 3881 331 3945 oratiam's
349 3883 552 3944 conversiones
573 3885 672 3947 Graeci
689 3886 868 3950 nominant.

153 3990 284 4063 Brutus,
303 4004 372 4067 cap.
389 3990 425 4049 15
444 4007 451 4049 :
467 4021 508 4035 —
577 3991 747 4071 Suadaeque
763 3991 910 4070 medulla,
927 3972 933 3982 ⁰

157 4090 302 4151 auritis»
333 4110 429 4172 quam
443 4101 554 4157 vocant
576 4096 694 4172 Graeoi;
722 4099 813 4178 cujus
833 4100 966 4162 ettector
987 4106 1034 4164 est
1052 4106 1158 4162 orator
1171 4120 1179 4173 ;
1193 4100 1274 4160 hanc

116 4202 248 4263 Suadam
264 4200 435 4282 appellavit
451 4202 606 4267 Ennius...

154 4308 229 4388 Cap.
247 4314 282 4372 Ι“Ι
299 4329 306 4371 :
322 4343 363 4354 -
377 4309 487 4372 Ornari
508 4309 686 4374 orationem
700 4313 800 4375 Graeci
817 4318 938 4392 putant,
952 4313 1144 4376 sicariorum
1158 4315 1272 4396 immu-
