2790 4770
53 516 202 593 ποῦντες,
224 505 300 602 ἅπερ
316 510 376 602 ἐγὼ
388 511 468 602 ὑμᾶς
486 509 628 592 ἐλύπουν,
652 505 703 575 ἐὰν
722 512 792 601 ὑμῖν
812 497 943 575 δοκῶσιν
970 504 988 581 ἢ
1010 505 1178 600 χρημάτων
1197 501 1216 579 ἢ

54 629 150 700 ἄλλου
176 658 232 700 που
252 633 401 726 πρότερον
429 635 636 727 ἐπιμελεῖσθαι
666 631 684 708 ἢ
707 634 828 728 ἀρετῆς,
853 629 909 723 κᾷν
929 624 1046 702 δοκῶσί
1076 657 1108 699 τι
1130 625 1217 716 εἶναι,

55 749 152 852 μηδὲν
167 758 265 838 ὄντες,
282 750 444 840 ὀνειδίζετε
458 762 575 844 αὐτοῖς,
596 763 696 853 ὥσπερ
715 761 775 853 ἐγὼ
792 764 877 852 ὑμῖν,
899 761 950 829 ὅτι
967 762 1022 827 oda
1037 761 1217 852 ἐπιμελοῦν-

55 911 107 952 ται
125 881 167 953 ὧν
194 876 253 970 δεῖ,
280 886 331 953 καὶ
360 883 477 953 οἴονταί
507 912 538 954 τι
563 880 650 972 εἷναι,
677 886 761 966 ὅντες
788 878 911 967 οὐδενὸς
941 871 1047 980 ἄξιοι]
1078 881 1145 953 Καὶ
1166 882 1217 952 ἐὰν

58 1021 162 1080 ταῦτα
182 1021 302 1094 ποιῆτε,
319 1003 425 1079 δίκαια
444 1010 602 1091 πεπονθὼς
622 1014 682 1106 ἐγὼ
702 1013 810 1105 ἔσομαι
829 1017 878 1104 ὑφ’
895 1017 992 1104 ὑμῶν,
1009 1010 1101 1090 αὐτός
1117 1036 1150 1079 τε
1166 1009 1219 1079 καὶ

57 1138 86 1204 οἱ
103 1138 190 1216 υἱεῖς.
213 1125 302 1204 dat&
321 1135 379 1233 γὰρ
397 1129 460 1213 ἤδη
479 1142 543 1230 ὥρα
562 1136 694 1224 ἀπιέναι,
719 1138 786 1231 ἐμοὶ
806 1138 859 1231 μὲν
880 1139 1127 1229 ἀποθανουμένῳ,
1147 1141 1217 1229 ὑμῖν

57 1253 91 1329 δὲ
113 1265 321 1350 βιωσομένοις.
338 1251 493 1356 Οπότιροι
517 1253 552 1330 δὲ
571 1271 657 1358 ἡμῶν
685 1264 824 1359 ἔρχονται
852 1264 902 1334 ἐπὶ
924 1261 1046 1359 ἄμεινον
1065 1269 1218 1359 πρᾶγμα,

61 1380 178 1464 ἄδηλον
192 1390 288 1461 παντὶ
305 1393 385 1467 πλὴν
402 1391 420 1468 ἢ
441 1399 487 1480 τῷ
503 1393 573 1479 θεῷ.

376 1567 408 1617 Μ.
425 1566 500 1618 ΤιιΙΙίί
514 1568 638 1618 Ciceronis
654 1567 793 1630 Tusculum,
809 1570 830 1630 I,
844 1572 885 1620 ll.

92 1689 196 1760 Magna
207 1701 251 1743 me
261 1702 323 1760 spes
333 1694 420 1756 leuet,
432 1689 448 1742 J
450 1687 554 1755 udices,
564 1688 635 1744 bene
646 1688 714 1745 mihi
726 1688 836 1746 evenire
848 1680 922 1760 quod
933 1688 1032 1744 mittar
1040 1686 1075 1743 ad
1086 1695 1216 1746 mortem.

59 1778 181 1833 Necesse
190 1783 233 1832 est
243 1776 315 1832 euim
329 1777 365 1832 sit
376 1776 496 1834 alterum
507 1776 542 1833 de
554 1776 663 1834 duobus
676 1797 683 1833 :
695 1786 726 1835 ut
735 1786 782 1834 aut
794 1794 891 1834 seusus
905 1777 1019 1835 omnino
1032 1793 1110 1835 mora
1120 1791 1219 1834 omncs

58 1865 176 1935 auferat,
187 1865 271 1921 autin
279 1865 365 1922 alium
374 1865 525 1941 quemdam
535 1866 629 1923 locum
637 1883 670 1924 ex
679 1867 721 1924 bis
730 1868 796 1925 locis
804 1869 948 1941 migretur.
959 1867 1149 1940 Quamobrem
1160 1867 1220 1923 sire

57 1970 159 2012 sensus
169 1955 360 2029 exstinguitur,
374 1971 506 2030 morsque
518 1955 542 2012 ei
556 1971 656 2013 somno
672 1956 772 2013 similis
786 1965 837 2026 cst,
852 1957 898 2028 qui
916 1973 1118 2028 nonnunquam
1133 1956 1218 2013 etiam

57 2044 119 2100 sine
134 2043 202 2100 visis
218 2043 390 2101 somniorum
402 2043 618 2117 placatissimam
629 2044 750 2117 quietem
762 2043 855 2113 alfort,
865 2045 909 2101 Dii
918 2044 1000 2102 boni!
1019 2043 1085 2117 quid
1098 2044 1165 2100 lucri
1176 2050 1218 2101 est

57 2133 141 2189 mori!
153 2139 211 2189 Aut
223 2133 396 2206 quammulti
408 2131 466 2190 dies
477 2134 591 2207 reperiri
604 2134 718 2207 possint,
729 2134 775 2207 qui
788 2134 838 2190 tali
851 2134 926 2191 nocti
938 2140 1152 2206 anteponantur,
1173 2131 1218 2188 cui

56 2221 160 2278 similis
171 2221 264 2279 lutura
280 2230 324 2280 cst
340 2222 510 2296 perpetuitas
524 2224 616 2280 omnis
631 2225 829 2296 consequentis
843 2223 997 2296 temporis?
1012 2223 1080 2293 Quis
1094 2238 1141 2279 me
1154 2223 1219 2279 bea·

57 2313 136 2371 tior?
148 2314 197 2370 Sin
215 2330 278 2370 vera
292 2323 358 2371 suut
370 2329 433 2386 quae
451 2315 584 2372 dicuntur
602 2317 798 2390 migrationem
819 2332 879 2373 esse
897 2324 1019 2373 mortem
1033 2315 1062 2371 in
1079 2330 1218 2382 casuras,
1244 2299 1250 2310 ’

55 2417 139 2474 quas,
154 2402 200 2474 qui
213 2418 227 2458 e
241 2402 297 2466 vita
311 2402 490 2474 excesserint,
505 2403 647 2470 incoluut3
664 2403 692 2460 id
705 2403 794 2460 multo
805 2403 865 2478 jam
878 2403 985 2461 beatius
1001 2413 1053 2470 est,
1071 2412 1109 2473 te,
1125 2402 1172 2476 qui
1183 2403 1218 2459 ab

57 2491 106 2562 iis,
121 2492 171 2565 qui
189 2500 218 2548 se
231 2491 356 2564 judicum
374 2508 492 2549 numero
505 2492 601 2549 haberi
613 2492 706 2562 velint,
725 2492 856 2561 eraseris,
872 2492 906 2549 ad
922 2509 969 2549 eos
981 2493 1073 2550 venire
1091 2492 1138 2567 qui
1155 2507 1219 2548 vere

53 2580 167 2656 judices
175 2581 357 2654 appellentur,
369 2581 504 2650 Minoem,
517 2580 757 2648 Rhadamautum,
774 2584 905 2651 AEacum,
917 2582 1139 2655 Triptolemum3
1152 2597 1219 2636 cou-

57 2670 210 2746 renircque
222 2687 283 2741 cos,
296 2672 343 2746 qui
355 2671 429 2744 juste
445 2678 474 2727 et
485 2686 549 2727 eum
562 2670 617 2726 lide
637 2671 765 2738 vixerint3
787 2670 847 2728 haec
862 2672 1045 2745 peregrinatio
1063 2671 1141 2726 vobis
1155 2686 1218 2726 me-

56 2760 164 2818 diocris
174 2759 258 2816 videri
275 2765 384 2833 potest?
399 2768 429 2816 ut
442 2776 508 2816 vero
522 2760 643 2834 colloqui
656 2777 720 2816 cum
730 2760 843 2832 Orpheo
854 2803 861 2829 ,
873 2763 997 2827 Musaeo,
1011 2762 1147 2826 Homero,
1162 2761 1218 2816 Hc·

57 2847 151 2918 siodo,
161 2849 252 2918 liceat,
263 2849 360 2924 quauti
372 2848 484 2905 tandem
494 2849 655 2906 aestimatisl
668 2848 804 2924 Equidem
815 2865 887 2922 saepe.
899 2849 998 2917 emori,
1009 2849 1031 2904 si
1043 2849 1102 2905 lieri
1114 2857 1216 2921 posset,

56 2936 175 3006 vellem,
186 2945 217 2994 ut
227 2954 259 2995 ea
271 2952 333 3011 quae
343 2926 483 2993 dico'mibi
496 2937 590 2993 liceret
604 2936 735 2994 iuvenire.
751 2937 860 3007 Quanta
872 2936 1057 2993 delectatione
1071 2943 1166 2992 autem
1178 2936 1218 2991 al-

57 3025 170 3093 licnrer,
181 3040 267 3098 quum
278 3023 474 3092 Palamedem,
488 3040 573 3097 quum
585 3024 716 3098 Ajacem,
729 3039 813 3097 quum
826 3024 896 3080 alios
909 3023 1013 3096 judicio
1030 3023 1150 3081 aliorum
1163 3024 1217 3080 cir-

56 3121 224 3171 cumventos
233 3114 427 3170 convenirem!
442 3115 590 3170 'tentarem
600 3113 684 3169 etiam
697 3113 800 3170 summi
811 3114 900 3187 regis,
914 3113 961 3185 qui
971 3113 1108 3168 maximas
1122 3113 1217 3186 copias

56 3202 142 3260 duxit
155 3201 190 3258 ad
203 3202 316 3276 Trojam
326 3245 336 3273 ,
360 3211 387 3259 et
403 3203 513 3276 Ulyssis
531 3202 696 3276 Sisyphique
718 3203 905 3275 prudentiam.
929 3204 987 3259 Nec
1001 3202 1037 3259 ob
1056 3217 1118 3258 cam
1138 3218 1215 3271 rem,
1304 3202 1308 3290 J

57 3309 150 3368 quum
168 3291 226 3349 baec
240 3291 432 3365 exquirerem,
450 3291 523 3348 sicut
541 3291 584 3348 bic
601 3289 752 3360 faciebam,
775 3290 863 3364 capite
877 3290 1037 3348 damnarer.

96 3384 178 3439 -Ne
188 3398 236 3439 ros
246 3381 369 3457 quidem,
382 3382 506 3451 ludices,
518 3381 537 3437 ii
550 3382 596 3455 qui
608 3397 653 3438 me
665 3381 840 3451 absolvistiS,
855 3390 978 3437 mortem
992 3381 1150 3437 timueritis.
1160 3383 1218 3438 Nec

55 3475 136 3531 enim
150 3474 282 3545 cuiquam
295 3472 370 3528 bono
385 3471 450 3527 mall
466 3471 620 3545 quidquam
632 3472 742 3528 evenire
757 3480 860 3545 potest,
874 3486 926 3527 nec
939 3472 1013 3538 vivo,
1026 3487 1077 3527 uec
1086 3480 1215 3538 mortu03

55 3578 239 3636 necunquam
251 3563 309 3634 eius
318 3577 386 3618 resa
398 3561 458 3631 Diis
471 3560 677 3617 immortalibus
689 3560 880 3632 negliguntur:
893 3575 945 3616 uec
955 3558 1024 3616 mihi
1040 3561 1091 3632 ipsi
1108 3562 1161 3616 lroc
1173 3577 1217 3616 ac-

55 3651 127 3709 cidit
138 3650 264 3708 lortuito.
280 3651 336 3706 Nec
348 3665 414 3706 vero
426 3666 478 3723 ego
493 3649 537 3716 iis,
554 3648 682 3722 aquibus
697 3657 842 3705 accusatus
856 3665 929 3719 suut,
944 3656 992 3705 aut
1005 3664 1021 3705 a
1036 3648 1136 3722 quibus
1152 3665 1219 3705 cou-

53 3741 223 3808 demuatus,
236 3739 324 3795 babeo
338 3737 413 3810 quod
424 3754 620 3804 succenseam3
640 3738 694 3793 nisi
708 3737 783 3811 quod
798 3738 866 3794 mihi
879 3754 981 3794 nocere
992 3739 1015 3795 si
1025 3737 1216 3796 crediderunt.

54 3831 93 3886 Et
104 3827 165 3884 baec
175 3825 289 3900 quidem
303 3825 357 3882 hoc
370 3825 454 3882 modo
469 3825 558 3881 :nibil
572 3834 666 3882 autem
680 3825 782 3881 melius
793 3825 912 3883 aestimo.

93 3915 193 3974 —Sed
206 3907 379 3988 tenrpusest,
396 3915 498 3988 inquit,
510 3915 569 3987 jam
580 3914 644 3970 binc
654 3913 748 3981 abire,
762 3929 823 3984 me,
835 3923 866 3971 ut
877 3915 995 3987 moriar3
1008 3931 1071 3982 vos,
1088 3923 1119 3972 ut
1129 3917 1215 3970 vitam

52 4007 156 4078 agatis.
168 4008 273 4064 Utrum
287 4014 382 4061 autem
396 4006 433 4060 sit
444 4005 557 4076 meliuS,
569 4005 614 4061 Dii
626 4005 797 4060 immortales
814 4005 904 4060 sciunt
919 4023 926 4061 ι
942 4004 1087 4062 homiuem
1104 4003 1216 4076 quidem

52 4092 128 4151 scire
143 4092 264 4149 arbitror
277 4090 431 4148 nemiuem.
