2790 4770
575 247 753 312 ..59-

98 466 101 469 η
128 383 228 448 Adest
244 386 298 448 ille
327 387 428 463 locus,
457 386 513 466 qui
535 390 659 448 tantum
682 386 766 467 apud
792 389 914 447 vctcrcs
929 374 1048 444 nomen
1063 375 1177 440 habuit
1190 372 1241 456 (l),

87 496 207 576 quique
225 497 305 558 adeo
334 493 530 557 admirabilis
558 495 702 557 Ciceroni
725 495 810 556 visus
834 498 880 556 est
898 497 934 555 ut
949 507 1023 554 eum
1046 489 1079 550 in
1103 486 1243 564 linguam

86 605 233 668 Latinam
258 620 446 667 conversum
469 604 578 665 Romae
605 603 643 666 ab
664 601 813 665 omnibus
841 599 986 665 litteratis
1012 596 1087 659 viris
1107 593 1169 674 legi
1187 608 1244 653 vo-

86 714 191 776 luerit.
218 711 374 775 Eumdem
387 731 444 775 suo
458 712 592 793 quisquc
609 714 791 775 Graecorum
803 716 925 774 amator
939 722 1085 771 sermone
1101 702 1244 765 imitatus

87 825 149 893 est;
173 837 275 899 neque
301 819 393 882 nobis
422 819 579 899 Sophocle
607 819 695 898 digni
710 819 888 894 [defuerunt
904 816 1092 894 interpretes
1109 808 1162 890 (a).
1179 807 1244 869 Ad-

87 928 242 991 mirabilis
271 945 344 990 sanc
365 926 504 1007 judicari
530 927 628 989 debet
649 927 737 989 locus
761 925 824 1001 ille,
852 930 889 987 ut
907 920 1050 986 Ciceroni
1068 917 1201 1000 placuit,
1218 915 1243 975 si

85 1051 161 1095 eum
176 1038 243 1097 toto
265 1039 296 1097 et
318 1035 477 1112 universo,
502 1035 591 1115 cnjus
606 1052 679 1114 pars
700 1040 748 1097 est
762 1052 886 1114 magna,
910 1031 1138 1112 conjungatur3
1156 1041 1246 1086 nam-

88 1159 151 1220 que
179 1142 348 1220 separatim
375 1141 593 1205 consideratus
608 1160 645 1204 ex
674 1159 708 1202 se
735 1141 843 1204 nescio
857 1141 934 1221 quid
954 1136 1074 1218 turgidi
1090 1139 1122 1198 et
1144 1134 1244 1197 inflati

88 1247 207 1309 habere
223 1246 393 1312 videretur.
409 1251 459 1312 Nil
480 1268 555 1312 vero
573 1250 722 1330 cuiquam
737 1251 867 1329 prodest
887 1265 956 1310 rem
970 1245 1140 1309 commode
1155 1245 1186 1304 et
1200 1241 1245 1301 in·

91 1355 221 1433 geniosc
242 1359 410 1419 tractatam
434 1357 559 1419 iterare.
590 1359 714 1438 Quippe
729 1357 769 1419 de
795 1357 988 1436 tragicorum
1009 1352 1124 1415 fabulis
1138 1349 1249 1411 eadem

90 1466 122 1523 et
137 1467 263 1539 caetera,
280 1481 351 1544 quae
380 1462 442 1525 dici
467 1468 599 1544 queunt,
628 1461 709 1526 dixit
724 1463 772 1524 vir
790 1462 824 1523 in
845 1460 933 1523 omni
945 1457 1067 1541 Jndicio
1079 1455 1247 1537 elegantis-

89 1568 188 1630 simus
199 1567 252 1649 (3).
281 1592 296 1629 a
319 1570 471 1632 Interiora
493 1588 637 1650 sequor»
670 1575 781 1648 utpote
798 1568 1045 1649 grammaticns;
1073 1582 1181 1628 meum
1200 1567 1261 1625 cst·

88 1679 199 1758 notare
215 1680 340 1737 tantum
350 1674 505 1755 quidquid
520 1676 699 1738 imitatione
715 1675 768 1736 illa
779 1676 940 1738 Ciceronis
955 1691 1071 1736 novum
1086 1670 1248 1751 acceperit

89 1781 179 1862 quasi
194 1784 301 1845 Graeca
313 1784 528 1846 Roma-norum
551 1783 721 1846 hereditas.
735 1783 845 1844 Liceat
859 1787 965 1844 tamen
977 1781 1010 1841 id
1027 1780 1144 1860 eloqui,
1162 1778 1246 1859 quod

89 1889 264 1969 legentium
284 1890 399 1952 animis
420 1896 533 1969 sponte
553 1890 748 1964 obversatur,
765 1892 891 1952 dolores
913 1887 1045 1964 scilicet,
1061 1887 1115 1966 qui
1131 1903 1247 1964 corpus

91 1992 235 2055 Herculis
250 1999 416 2074 tantopere
431 1996 582 2073 lacerant,
600 2014 637 2058 ea
660 1994 804 2072 veritate,
823 2012 861 2057 ea
873 1993 1042 2056 verborum
1054 1989 1248 2070 proprietate

90 2116 110 2160 a
123 2099 244 2178 tragico
261 2105 357 2179 poeta
371 2093 518 2181 exprimi,
549 2119 644 2181 quam
656 2103 706 2163 vix
721 2103 837 2164 nostris
855 2100 1054 2181 temporibus
1065 2096 1249 2178 peritissimi

91 2207 262 2287 scriptores
275 2213 527 2288 assequerentur.
539 2211 681 2295 Namque
691 2211 793 2273 multo
806 2209 1024 2272 vehementius
1039 2209 1072 2269 in
1087 2205 1248 2286 corporeis

91 2315 237 2378 sensibus
259 2316 394 2379 detineri
429 2319 611 2380 Graecorum
641 2324 698 2381 est.
722 2321 772 2395 At,
810 2319 933 2381 saeculis
956 2317 1245 2398 progredientibus,

91 2422 247 2500 paulatim
262 2423 388 2484 dulcior
407 2428 438 2486 et
455 2424 494 2484 ad
510 2440 640 2486 omnem
656 2424 886 2488 humanitatem
901 2425 1152 2504 facilitatemque
1173 2441 1250 2502 pro-

91 2529 203 2592 clivior
216 2530 313 2591 homo
328 2548 364 2593 ea
383 2549 455 2610 quae
472 2537 545 2593 sunt
564 2550 583 2592 a
606 2548 699 2595 sensu
712 2532 829 2595 tradita
844 2532 1020 2613 expeditius
1035 2552 1054 2594 a
1067 2551 1099 2595 se
1118 2533 1250 2612 rejicere
1334 2573 1336 2577 «

93 2642 127 2700 et
140 2639 301 2718 aspernari
326 2640 416 2701 solet.
442 2639 552 2702 Cicero
575 2640 642 2719 ipsc
656 2645 692 2702 ut
711 2660 776 2703 non
802 2642 897 2704 istius
917 2642 1122 2703 humanitatis
1139 2658 1249 2721 expers

92 2747 209 2828 merito
218 2747 373 2825 laudatur,
387 2745 645 2828 quandoquidem
660 2747 784 2828 singula
796 2759 931 2830 qumque
943 2754 1057 2812 tractat
1070 2747 1247 2825 horribilia,

93 2859 126 2917 et
147 2855 294 2934 quaedam
316 2856 431 2917 hausta
453 2854 581 2935 penitus
598 2872 636 2915 ex
652 2853 773 2918 intimis
787 2857 885 2919 animi
902 2858 1069 2921 aflectibus
1085 2857 1248 2918 admiscet.

91 2958 216 3022 Absunt
240 2960 372 3022 enimin
387 2960 545 3040 Sophocle
559 2961 593 3022 hi
618 2979 728 3026 sensus
747 2971 779 3027 et
793 2966 948 3029 vocabula
975 2986 982 3029 :
1017 2968 1155 3029 «Ammo
1172 2983 1249 3045 per·
1291 2955 1298 2973 ’

92 3066 164 3132 toli.
179 3086 195 3124 n
209 3100 251 3114 -
278 3090 293 3128 u
316 3070 447 3131 Immonis
469 3076 567 3128 terror
580 3070 826 3148 implacabilis.»
852 3105 890 3118 -
920 3093 934 3130 n
946 3072 1087 3134 Barbare
1104 3071 1170 3132 olio
1190 3075 1249 3132 im·

96 3181 268 3240 «mamitos.
284 3199 300 3237 n
315 3212 355 3225 -
373 3201 389 3238 a
404 3159 531 3245 Omnem
545 3185 618 3246 iiim
626 3183 786 3261 feritatem
804 3158 920 3260 cmpuli.
932 3205 946 3240 n
964 3214 1006 3228 -
1033 3202 1048 3240 c
1067 3181 1179 3244 Matris
1194 3201 1248 3243 co·
1343 3237 1345 3241 .

94 3289 213 3347 emtas.
238 3307 253 3346 a
283 3322 322 3332 —
349 3285 456 3350 Gentes
482 3297 599 3353 nostros
626 3291 740 3372 fiebunt
764 3290 915 3352 miserias.
937 3313 952 3349 n
970 3323 1010 3337 -
1031 3293 1088 3353 llla
1103 3292 1247 3371 proiecto

92 3392 264 3455 novissima
276 3395 371 3457 verba
389 3412 487 3476 quum
513 3398 591 3461 dicit
608 3398 770 3474 Hercules,
789 3416 852 3459 non
868 3400 994 3460 Graecus
1007 3404 1112 3478 poeta,
1129 3398 1183 3459 sed
1200 3397 1251 3460 Gi-

94 3497 170 3564 cero
189 3502 347 3583 loquitur;
373 3521 484 3567 omnes
498 3506 617 3586 quippe
632 3507 768 3586 populos
784 3507 841 3568 viri
859 3505 965 3587 magni
981 3507 1118 3569 dolentis
1130 3507 1252 3568 miseri-

94 3608 204 3671 cordia
229 3612 424 3674 commoveri
448 3630 542 3692 posse
563 3612 750 3694 suspicatus.
777 3615 852 3687 Qnae
868 3614 998 3693 quidem
1012 3615 1129 3694 legenti
1143 3616 1250 3678 statim

128 3933 166 3998 (l)
183 3931 241 3983 vicl.
254 3932 353 3984 Lueret.
377 3931 409 3982 de
427 3937 487 3987 Nat.
501 3952 560 3995 rer„
573 3934 603 4000 V,
619 3939 650 3987 22
670 3946 695 3987 et
713 3952 766 4003 sqq.
777 3965 811 3974 —
821 3935 887 4002 virg.
902 3940 970 3999 AEm,
985 3936 1048 3999 Vill,
1063 3939 1109 3989 tol
1127 3947 1152 3990 et
1164 3955 1250 4006 sqq.-

94 4016 184 4069 Senee.
203 4022 279 4085 Trag.
294 4022 369 4069 Herc.
385 4021 531 4084 ont.,1235
546 4029 570 4071 et
584 4037 637 4088 sqq.
647 4021 759 4072 -Ovid
773 4024 884 4085 Metam,
897 4021 940 4085 lX,
957 4024 1003 4074 182
1018 4031 1043 4075 et
1056 4038 1109 4089 sqq.

127 4105 162 4170 (2)
181 4103 248 4155 inter
260 4119 301 4155 cos
312 4104 404 4155 eminet
416 4104 439 4156 J.
453 4104 483 4158 V.
502 4107 667 4174 Leclerquius.

129 4189 166 4255 (3)
185 4185 232 4249 Qui
242 4204 311 4240 nunc
324 4187 474 4240 Parisiorum
487 4190 598 4242 facultati
614 4207 707 4244 summa
721 4192 868 4244 auctoritate
880 4202 980 4261 praeest
991 4194 1051 4261 (rid.
1063 4193 1093 4244 de
1103 4193 1172 4260 Trag.
1184 4192 1251 4245 Grae-

91 4272 140 4326 clae
152 4283 219 4342 poet.
233 4277 295 4342 op).
