2790 4770
600 312 800 375 -126-

119 469 214 532 guam
237 453 450 533 philosophiae
474 452 637 533 propriam
651 450 768 514 creavit
790 452 831 534 (l)
845 460 966 531 auctor,
991 459 1023 516 et
1036 455 1153 534 patrias
1168 472 1275 531 musas

119 578 201 623 novo
215 561 393 623 litterarum
407 578 522 642 genere
539 560 730 624 nobilitavit.

160 668 227 740 Qua
241 674 420 748 temporum
435 666 601 746 iniquitate
619 684 799 747 oppressus,
815 667 848 729 in
863 667 968 731 studio
978 667 1142 748 sapientiae
1153 670 1276 752 reliqua

119 774 183 837 otia
210 792 406 850 consumere,
425 775 555 837 tandem
570 771 695 836 omissis
718 773 903 852 reipublioae
921 779 953 837 et
968 774 1030 838 lori
1044 777 1193 857 negotiis,
1213 782 1276 840 sta-

122 885 228 961 tuerit,
254 885 304 946 his
327 882 431 946 verbis
459 889 567 963 aperte
591 884 708 945 fatetur
729 881 797 961 ipse
818 883 951 946 Cicero:
980 904 995 942 o
1008 886 1073 966 Ego
1096 891 1205 948 autem
1219 884 1279 967 (di-

30 983 32 987 ’
121 1010 192 1055 cam
220 993 305 1055 enim
328 997 364 1054 ut
391 1010 440 1055 res
464 990 542 1072 est),
567 992 645 1053 dum
673 1009 724 1053 me
746 992 888 1069 ambitio,
921 994 998 1055 dum
1017 994 1175 1071 honores,
1200 995 1278 1054 dum

57 1179 59 1185 .
123 1118 237 1186 causae,
270 1101 347 1161 dum
369 1098 563 1180 Reipublicae
592 1117 656 1161 non
682 1100 784 1161 solum
812 1117 898 1172 cura,
926 1103 981 1162 sed
1011 1103 1158 1180 quaedam
1181 1101 1279 1163 etiam

123 1207 304 1290 procuratio
334 1208 442 1271 multis
469 1206 590 1270 officiis*
607 1208 809 1288 implicatum
831 1215 863 1272 et
895 1210 1105 1272 constrictum
1133 1211 1276 1284 tedebat,

125 1317 195 1379 baec
209 1316 330 1378 inclusa
348 1313 519 1390 habebam,
538 1319 586 1385 et,
609 1331 648 1375 ne
668 1314 913 1392 obsolescerent,
941 1317 1147 1392 renovabam,
1178 1335 1279 1398 quum

125 1421 254 1497 licebat,
282 1421 429 1500 legendo.
446 1421 535 1482 Nunc
564 1437 638 1481 vero
657 1425 688 1481 et
704 1417 886 1499 gravissimo
907 1439 1074 1501 percussus
1087 1425 1233 1501 vulnere,
1248 1429 1281 1486 et
1323 1496 1325 1499 ¹

74 1542 78 1551 ·
125 1528 399 1592 administratione
413 1527 608 1607 Reipublicae
636 1528 798 1606 liberatus,
824 1530 943 1592 doloris
962 1531 1156 1594 medicinam
1179 1532 1283 1613 aphi-

126 1637 272 1718 losophia
286 1641 372 1715 peto,
397 1642 428 1699 et
443 1637 498 1714 otii
517 1637 765 1699 oblectationem
787 1637 868 1701 bane
886 1639 1143 1702 honestissimam
1154 1639 1279 1721 judico.

126 1747 189 1808 Aut
212 1744 297 1806 enim
325 1741 397 1805 huic
426 1743 510 1805 aetati
533 1743 595 1804 hoo
622 1743 758 1805 maxime
783 1750 894 1824 aptum
909 1749 975 1823 est;
991 1751 1046 1809 aut
1074 1745 1112 1806 iis
1131 1745 1237 1820 rebus,
1256 1745 1283 1808 si

128 1871 205 1935 quas
230 1852 339 1932 dignas
364 1850 457 1914 laude
477 1850 641 1931 gessimus,
670 1851 733 1913 boc
761 1851 795 1911 in
812 1852 925 1930 primis
944 1856 1213 1929 consentaneum
1230 1859 1286 1917 aut

128 1961 215 2024 enirn
235 1961 413 2022 adnostros
437 1958 519 2020 cives
545 1956 736 2020 erudiendos
759 1956 836 2019 nibil
858 1959 978 2037 utilius,
1005 1966 1070 2037 aut,
1090 1961 1115 2023 si
1139 1961 1287 2023 haecnon

129 2067 174 2130 ita
184 2073 268 2144 sunt,
284 2067 364 2128 nihil
379 2066 468 2128 alind
483 2064 677 2145 videoouod
693 2082 786 2145 agere
801 2065 959 2145 possimus
975 2066 1028 2148 (ἢ).
1045 2088 1061 2126 o

168 2175 289 2254 ltaque,
304 2188 404 2252 quum
419 2172 437 2234 J
442 2217 449 2233 .
464 2172 568 2234 Gaesar
579 2169 720 2234 dictator
726 2169 939 2252 principatum
953 2175 1064 2236 Romae
1077 2178 1213 2252 teneret,
1226 2192 1288 2239 nec

129 2285 194 2349 ulla
211 2283 278 2365 jam
301 2287 478 2362 superesset
489 2299 560 2361 spes
576 2279 728 2342 libertatis
740 2283 967 2359 recuperanda
990 2281 1044 2364 (3),
1059 2284 1171 2346 Cicero
1184 2288 1287 2346 artem

131 2393 294 2478 politicam
319 2398 351 2455 et
370 2393 443 2473 jura
472 2392 587 2468 civilia,
614 2390 731 2471 quibus
757 2407 794 2452 ex
808 2408 897 2452 more
922 2389 1027 2470 patrio
1049 2392 1114 2474 lere
1132 2408 1165 2454 se
1181 2397 1287 2456 totum

34 2551 37 2557 .
130 2502 313 2576 tradiderat,
345 2500 433 2581 quasi
460 2484 646 2563 necessitate
661 2501 761 2563 victus
781 2499 927 2580 reliquit3
944 2506 1096 2581 tanquam
1112 2508 1285 2581 vereretur,

92 2592 103 2608 ¹
131 2630 171 2674 ne
189 2610 283 2684 cives,
313 2608 367 2694 qui
390 2606 542 2688 cujusque
567 2605 697 2687 inooepti
714 2608 810 2668 finem
830 2608 1028 2686 propositum
1045 2627 1187 2688 quaerere
1200 2610 1287 2673 soliti

132 2725 230 2794 erant,
241 2737 336 2781 novas
351 2717 426 2780 istas
440 2717 495 2778 otii
509 2716 736 2779 oblectationes
757 2716 1038 2794 reprehenderent,
1056 2735 1125 2781 sese
1139 2719 1285 2798 philoso-

131 2831 282 2910 phantem
305 2824 446 2888 defendit
469 2823 511 2904 (l)
538 2823 584 2903 (ut
599 2841 636 2885 ex
654 2824 738 2900 loco,
756 2840 852 2902 quem
868 2842 962 2904 supra
976 2824 1104 2903 protuli,
1125 2825 1282 2908 apparet);

165 3075 201 3145 (1)
223 3109 246 3128 .,
265 3097 277 3120 o
293 3074 400 3141 Apparet
412 3070 556 3121 Ciceronem
569 3084 620 3119 nou
632 3058 730 3120 summis
743 3067 894 3136 pbilosophis
906 3083 955 3120 esse
966 3069 1189 3133 adnumerandum,
1204 3079 1287 3123 tamen

130 3176 187 3213 eum
199 3159 291 3226 optime
303 3158 334 3207 de
344 3156 431 3207 litteris
443 3153 564 3212 meruisse,
580 3153 661 3204 dicere
674 3169 724 3205 non
737 3153 884 3215 dubitamus,
904 3170 954 3205 nou
967 3154 1049 3216 modo,
1064 3155 1130 3222 quod
1142 3171 1197 3222 quar
1208 3155 1287 3207 Greci

131 3247 284 3304 invenerant,
298 3240 421 3292 transtulit
433 3238 583 3307 posterisque
593 3237 704 3297 servavit,
721 3237 891 3289 verumetiam
912 3239 977 3304 quod
991 3239 1100 3306 linguam
1120 3239 1221 3292 latinam
1243 3257 1287 3292 suo

131 3341 240 3398 tempore
253 3328 283 3378 ad
297 3324 476 3394 philosophiam
488 3338 575 3391 parum
588 3322 700 3374 idoneam
711 3322 880 3383 conformavit,
897 3333 921 3373 et
940 3324 972 3374 ad
995 3322 1198 3391 philosophorum
1217 3338 1289 3374 usum

131 3412 337 3479 subtilitatemque
348 3408 488 3478 perpolivit.
503 3407 556 3470 Qua
567 3406 593 3457 in
607 3424 635 3457 re
647 3419 707 3474 quas
719 3407 873 3459 difficultates
887 3408 1007 3476 superarit
1021 3407 1071 3468 ille,
1084 3408 1127 3474 qui
1136 3406 1287 3475 cognoverit,

131 3501 205 3554 etiam
215 3499 241 3549 in
254 3499 301 3550 hoc
314 3512 400 3564 genere
413 3491 460 3544 viri
470 3491 660 3561 prestantissimi
675 3491 797 3558 ingenium
816 3505 909 3542 summa
922 3491 1084 3544 admiratione
1095 3489 1195 3560 dignum
1206 3491 1290 3544 existi·

132 3585 217 3637 mabit.
241 3583 276 3633 hc
294 3581 403 3648 proiecto
422 3591 482 3644 opus
500 3585 553 3627 erat
574 3591 668 3626 summo
689 3575 791 3636 artifice,
807 3573 850 3642 qui
862 3571 970 3642 linguam
989 3577 1168 3642 quodammodo
1190 3577 1290 3645 inopem

85 3679 90 3685 '
132 3671 236 3723 necdum
251 3668 283 3718 ad
299 3682 338 3716 res
353 3664 491 3715 subtiliores
512 3670 537 3712 et
559 3659 704 3728 spinosiores
718 3660 886 3729 exprimendas
909 3660 1035 3712 subactam
1055 3661 1090 3712 ita
1111 3663 1242 3722 excoleret,
1263 3671 1291 3713 nt

131 3772 185 3825 quae
199 3752 276 3806 Greci
288 3749 445 3818 scripsissent,
460 3741 536 3798 latine
549 3745 599 3796 dici
612 3754 717 3812 possent.
736 3766 749 3790 ι»
769 3745 820 3812 (Dr.
840 3745 868 3796 C.
887 3746 922 3798 M.
946 3745 1103 3811 Bernhardt„
1123 3744 1155 3797 de
1176 3742 1291 3798 Cicerone

132 3845 218 3892 Groecae
231 3835 323 3888 Philas.
340 3834 475 3902 interprete,
488 3830 605 3890 Berolini,
622 3833 704 3896 1865).

166 3924 237 3989 Quod
256 3922 355 3990 quidem
375 3916 519 3986 opusculum
536 3918 578 3982 (36
591 3932 615 3982 p.
628 3915 706 3982 in240)
721 3915 797 3966 serius
819 3916 902 3984 accepi
923 3932 997 3984 quam
1022 3928 1050 3970 ut
1072 3934 1102 3969 ex
1125 3911 1168 3969 illo
1182 3917 1290 3971 lructuht

132 4014 291 4085 perciperem.

167 4099 202 4167 (2)
219 4094 283 4156 cie,
298 4088 387 4150 Aeac,
404 4085 423 4150 1,
440 4091 461 4137 1.

168 4185 204 4251 (3)
222 4203 235 4229 «ι
252 4176 314 4230 Nam
334 4191 410 4243 quum
431 4173 481 4224 otio
499 4173 675 4240 langueremus,
688 4180 713 4222 et
724 4170 745 4222 is
756 4176 817 4221 esset
836 4171 975 4240 reipublicae
994 4182 1079 4234 status,
1102 4183 1130 4226 ut
1146 4189 1201 4226 eam
1217 4175 1292 4227 unius

134 4262 237 4323 consilio
246 4275 320 4332 atque
333 4277 392 4312 cura
405 4257 535 4327 gubernari
546 4273 643 4311 necesse
656 4266 717 4308 esset
735 4293 775 4311 ...
793 4279 805 4302 s
819 4254 892 4323 (Cic,
907 4255 939 4306 de
950 4260 985 4309 N.
999 4252 1122 4325 b.‚1,t).

167 4356 203 4425 (l)
222 4353 283 4415 Cic,
297 4348 329 4399 de
342 4346 405 4407 ren,
421 4344 440 4409 l,
455 4348 465 4397 l
479 4355 503 4396 et
512 4361 565 4411 sqq.
