2790 4770
597 277 774 342 ..30-

215 428 360 521 ριεσσόθεν
375 428 507 522 ηἐρόεις·
533 428 573 496 τὰ
587 420 623 496 δέ
638 428 667 496 οἱ
684 428 751 517 περὶ
771 431 907 520 τέσσαρα
925 435 1021 495 κεῖται

214 558 341 648 γλήνεα,
361 546 561 647 παρίολοίδην
581 544 638 621 δίο
659 551 721 645 πὰρ
738 542 794 620 δύο
812 559 998 626 πεπτηῶτα.

268 677 333 746 Καὶ
347 676 389 746 τὰ
405 681 458 769 μὲν
474 675 526 747 οὖν
542 680 643 772 Βορέω
663 676 714 745 καὶ
729 678 854 756 ἀλήσιος
870 676 982 753 ἠελίοιο

109 807 174 873 320
211 807 363 900 μεσσηγὺς
382 805 527 896 κέχυται·
552 802 593 871 τὰ
612 793 645 871 δὲ
666 802 756 871 νειόθι
773 804 915 873 τελλεται
934 798 1015 869 ἄλλα

214 927 318 998 πολλὰ
335 922 452 1022 μεταξὺ
471 930 575 997 νότοιο
593 929 645 997 καὶ
664 927 777 1006 ἠελίοιο
791 928 944 994 κελεύθου.

216 1047 315 1132 Λοξὸς
335 1055 388 1146 μὲν
408 1056 541 1146 Ταύροιο
563 1064 643 1148 τομῇ
662 1055 860 1121 ὑποκέκλιται
879 1054 971 1126 αὐτὸς

214 1164 329 1273 Ωρίων.
353 1180 407 1253 Μὴ
427 1185 524 1246 κεῖνον
545 1180 610 1256 ὅτις
629 1177 748 1272 καθαρῇ
765 1176 807 1244 ένὶ
821 1181 906 1246 νυκτὶ

212 1300 293 1395 ὑψοῦ
308 1315 479 1379 πεπτηῶτα
499 1307 699 1399 παρέρχεται,
715 1298 798 1371 ἄλλα
812 1303 950 1371 πεποίθοι

110 1429 173 1499 325
211 1428 336 1521 οὐρανὸν
356 1419 516 1496 εἰσανιδὼν
536 1432 769 1522 προφιρέστερα
789 1428 969 1523 θρήσασθαι.
1041 1463 1043 1467 ·

214 1556 306 1634 Τοῑος
320 1552 351 1623 οἱ
367 1554 419 1622 καὶ
438 1556 567 1648 ρρουρὸς
586 1554 751 1646 ἀειρομένῳ
769 1552 829 1621 ὑπὸ
847 1555 937 1641 νώτῳ

215 1682 355 1777 φαίνεται
373 1684 571 1777 ἀμφοτέροισι
587 1684 677 1751 Κοὼν
697 1681 747 1750 ἐπὶ
761 1683 853 1749 ποσσὶ
871 1677 1020 1766 beentur,

215 1806 364 1892 ποικίλος,
385 1811 419 1876 οὐ
439 1809 493 1900 μέν
513 1807 620 1876 πάντα
639 1809 852 1900 πιρασμένος·
873 1807 954 1874 ἀλλὰ
971 1811 1038 1873 κατ’
1058 1809 1155 1879 αὐτὴν

214 1932 350 2027 γαστέρα
368 1932 492 2010 κυοίνεος
506 1938 733 2026 περιτελλεται,
753 1938 771 2006 ἡ
789 1923 825 1997 δέ
842 1930 869 1998 οἱ
885 1927 961 2025 οίκρη

111 2107 139 2125 ..
215 2056 319 2153 ἀστέρι
340 2052 492 2143 utititas
516 2050 598 2131 δεινὴ
616 2060 714 2152 γένος,
736 2060 768 2136 ὅς
787 2064 826 2146 ῥα
844 2057 980 2150 μάλιστα

216 2175 287 2260 ὀξέα
303 2182 447 2275 σιιριοίει·
468 2181 520 2250 καί
535 2209 586 2275 μιν
600 2185 742 2250 καλέοοσ’
763 2177 918 2274 ἅνθρωποι

217 2374 315 2438 pretor
328 2365 519 2438 quadruplices
533 2366 625 2423 stellas
636 2366 665 2422 in
678 2365 768 2422 fronte
777 2365 891 2434 locatas,

216 2468 284 2526 quos
298 2453 471 2511 intervallum
486 2453 563 2513 binas
576 2451 751 2510 disterminat
763 2468 849 2509 unum
861 2470 868 2508 ι

214 2550 303 2599 cetero
320 2558 382 2615 pore
395 2543 472 2613 latet,
484 2558 516 2599 ac
527 2542 605 2599 tenui
618 2558 682 2599 cum
692 2542 797 2599 lumine
810 2541 904 2614 serpit.

217 2630 286 2700 luae,
300 2647 362 2705 quae
377 2631 483 2706 fulgent
496 2633 572 2689 luces
585 2648 618 2689 ex
633 2648 680 2688 ore
694 2647 823 2702 corusco,

217 2728 282 2777 sunt
293 2719 365 2777 inter
378 2730 470 2794 partes
484 2722 588 2796 gelidas
600 2721 740 2795 Aquiloni'
753 2722 860 2789 loetum,
885 2788 889 2794 ,

217 2817 300 2884 atque
314 2811 387 2868 inter
400 2811 522 2884 spatium
534 2821 560 2868 et
575 2811 630 2869 loeti
645 2810 760 2884 vestigia
776 2810 857 2867 Solis.

217 2902 254 2957 lt
268 2917 330 2973 pors
342 2901 456 2958 inlerior
466 2902 525 2975 jam
538 2900 731 2974 pertractanda
746 2900 781 2973 (1)
794 2900 903 2956 videtur

218 2990 291 3048 inter
303 2992 374 3049 Solis
388 2992 450 3062 iter,
461 2991 543 3048 simul
558 2992 631 3048 iuter
643 2990 756 3047 flamina
769 2990 855 3060 venti,

217 3078 320 3135 viribus
334 3080 455 3150 erumpit
469 3095 522 3150 quo
539 3078 641 3135 summi
657 3078 768 3149 spiritus
784 3077 889 3133 Austri.

217 3167 323 3224 Exinde
338 3168 438 3238 Orion,
454 3168 566 3240 obliquo
581 3182 697 3241 corpore
711 3168 814 3236 nitens,

216 3253 346 3312 inferiora
361 3264 437 3314 tenet
449 3256 599 3313 truculenti
613 3272 730 3328 corpora
744 3256 827 3314 Tauri
843 3275 849 3311 :

216 3359 301 3415 quem
315 3345 373 3417 qui,
387 3344 539 3418 suspiciens
552 3347 580 3401 in
592 3346 695 3403 coelum
710 3353 791 3403 nocte
805 3361 911 3412 sereno,

219 3432 270 3490 late
285 3433 440 3506 dispersum
453 3452 510 3491 non
522 3435 632 3505 viderit,
646 3434 720 3491 haud
734 3436 770 3490 ito
785 3451 850 3491 vero

219 3530 311 3580 cetero
323 3540 351 3580 se
364 3531 455 3596 speret
467 3539 635 3597 cognoscere
646 3524 724 3595 signa
738 3532 856 3595 potesse.

219 3611 344 3684 Namque
357 3613 441 3684 pedes
455 3610 550 3668 subter
565 3611 648 3667 rutilo
662 3626 727 3666 cum
745 3610 850 3668 lumine
864 3612 949 3667 claret

220 3697 338 3756 fervidus
350 3700 394 3755 ille
409 3700 491 3757 Canis
505 3699 647 3756 stellarum
659 3699 720 3756 luce
733 3698 880 3772 refulgens.

219 3788 300 3840 lluno
313 3786 382 3858 tegit
395 3787 528 3843 obscurus
540 3787 634 3843 subter
646 3785 799 3858 praecordio
814 3794 925 3851 venter3

218 3891 271 3931 nec
282 3884 342 3932 toto
356 3876 464 3947 spirans
477 3876 574 3933 rabido
586 3877 619 3932 de
634 3891 750 3948 corpore
763 3875 905 3931 flammam

219 3964 354 4023 aestileros
368 3964 466 4022 validis
478 3967 599 4039 erumpit
611 3966 811 4039 flatibusignes
823 3984 829 4018 ι

220 4064 295 4113 totus
308 4056 342 4113 ab
357 4071 405 4113 ore
420 4055 525 4113 micans
536 4055 638 4128 jacitur
653 4055 816 4111 mortalibus
829 4054 920 4110 ardor.

147 4271 183 4338 (1)
197 4292 210 4317 ι
223 4269 335 4338 llelphini
348 4271 399 4321 lusa
415 4294 425 4315 υ
442 4270 548 4336 (Orell.).
