2790 4770
576 310 776 376 -195-

111 549 376 612 inclementiam,
395 550 427 601 IN
444 548 558 611 QUIBUS
574 550 686 603 STOIGA
702 528 855 605 noctram
872 552 937 604 cett
953 551 995 603 EX
1012 553 1094 607 tLtts
1110 555 1176 607 Tun
1193 554 1234 609 Ex

343 633 466 686 ZENONE
484 635 525 687 ET
541 634 715 687 CHRYSIPPO
732 636 1005 690 INTERPRETATUR.

476 823 479 828 '
538 820 676 872 Stoicorum
692 822 811 888 dogmata.

151 981 205 993 —
218 945 322 1025 Μονέν
341 946 380 1013 τὸ
403 947 496 1015 καλὸν
515 947 628 1043 ἀγαθὸν
643 942 738 1015 εἶναι·
758 944 811 1015 καὶ
825 945 963 1041 αὐτάρκη
981 942 1125 1025 εἶναιτὴν
1141 949 1251 1044 ἀρετὴν

97 1073 175 1165 πρὸς
196 1062 403 1162 εὐθαιμονίαθ.

326 1266 361 1316 Ex
372 1265 573 1332 interpretatione
587 1263 709 1316 Ciceronis
719 1263 747 1316 in
760 1264 804 1316 lib.
818 1263 852 1315 nl
862 1262 894 1314 de
906 1263 1012 1316 Finibus.

52 1396 59 1404 ·
135 1374 265 1432 -Stoici
282 1373 389 1449 negant
398 1376 503 1434 bonum
518 1375 671 1450 quidquam
687 1392 758 1448 esse,
771 1375 822 1433 nisi
843 1375 917 1449 quod
936 1376 1104 1436 honestum:
1121 1378 1253 1437 virtutem

97 1465 370 1532 autem‚ninamhoc
379 1466 508 1535 honesto,
518 1465 625 1524 nuttam
640 1466 780 1539 requirere
791 1465 1063 1540 voluptatem‚atqne
1070 1467 1105 1525 ab
1114 1467 1195 1524 beate
1209 1466 1252 1523 vi-

96 1554 221 1612 vendum
239 1554 327 1628 seipsa
344 1572 404 1613 esse
416 1565 589 1614 contentam.
603 1587 639 1601 -
651 1556 746 1627 Idem,
768 1556 816 1614 lib.
833 1558 889 1628 111,
913 1563 941 1615 t.
961 1586 997 1603 -
1064 1557 1138 1615 Nihil
1150 1567 1252 1632 praeter

96 1643 233 1702 virtutem
244 1643 364 1702 inbonis
376 1643 490 1704 ducere.

153 1885 208 1895 -
224 1839 327 1943 Ᾰρχαὶ
345 1859 407 1919 τῶν
429 1850 626 1926 καθηκόντων·
639 1849 680 1918 τὰ
700 1861 808 1943 πρῶτα
828 1849 1023 1946 κατὰφύσιν.

134 1981 273 2052 -Quum
282 1985 375 2036 antem
387 1977 479 2036 officia
493 1977 702 2052 proficiscantur
714 1978 748 2036 ab
763 1977 847 2036 initiis
858 1980 971 2036 Naturae
984 2020 1009 2036 ..
1022 2021 1029 2037 .
1041 1979 1112 2053 (cap.
1126 1981 1163 2054 7).
1240 1953 1242 1957 i

155 2250 209 2263 -
223 2217 283 2308 Ζῇν
304 2214 374 2282 κατ’
393 2209 549 2307 ἐμπειρίαν
569 2217 631 2280 τῶν
651 2207 735 2280 κατὰ
751 2211 839 2304 ρίσιν
857 2207 1096 2306 σομίαινόντων.

136 2351 287 2419 -Vivere
296 2351 439 2410 scientiam
448 2349 627 2409 adhibentem
635 2361 846 2418 earnmrerum,
856 2364 917 2421 qnae
926 2359 1026 2410 natura
1034 2352 1160 2411 eveniant
1169 2352 1203 2426 (c.
1214 2354 1253 2427 t).
1344 2368 1348 2375 ’

157 2607 208 2621 --
216 2561 338 2669 Ᾰγαθὸν
348 2576 364 2639 ὁ
373 2571 481 2663 χρόνος
494 2575 548 2639 οὐκ
557 2565 638 2650 αι’ίξει
646 2571 891 2666 προσγενόμενος.
899 2577 1051 2646 *Item
1064 2576 1133 2641 Ποῖν
1142 2571 1255 2668 ἀγαθὸν

100 2690 150 2769 ἐπ’
162 2695 255 2795 ἄκρον
274 2692 348 2765 εἷναι
366 2696 497 2790 αἱρετὸν,
515 2695 567 2764 καὶ
583 2699 662 2788 μήτε
677 2694 775 2765 σ’ίνεσιν
795 2699 874 2790 μιίτε
892 2698 1029 2766 ἐπίτασιν
1047 2688 1252 2791 ἐπιδέχεσθαι.

138 2860 171 2872 -
186 2830 282 2902 Ipsum
302 2826 409 2885 bonum
427 2825 569 2882 crescendi
586 2824 773 2883 accessionem
794 2825 900 2884 nnllam
920 2825 1014 2884 habet.
1032 2855 1068 2869 -
1087 2828 1169 2883 Item.
1192 2830 1254 2885 Hoc

99 2928 199 2993 antem
215 2917 307 2991 ipsum
330 2917 433 2974 bonum
451 2930 509 2972 non
524 2915 700 2985 accessione,
718 2930 809 2987 neque
831 2914 980 2972 crescendo
997 2923 1045 2971 aut
1064 2931 1128 2971 cum
1147 2915 1256 2973 caeteris

100 3007 301 3082 comparando,
311 3004 360 3063 sed
370 3003 520 3079 propriavi
533 3019 583 3061 sua
596 3012 623 3060 et
635 3003 771 3061 sentimus
783 3012 812 3061 et
822 3004 991 3078 appellamus
1000 3004 1105 3062 bonum
1118 3003 1188 3078 (cap.
1199 3004 1253 3079 10).

156 3259 208 3272 -
225 3216 293 3313 Κθρν
310 3223 420 3316 ἀκαρίς
437 3247 483 3300 τις
500 3225 582 3314 ὥρας
598 3221 728 3315 γένηται
749 3220 904 3313 φρόνιμος,
930 3212 1030 3288 οὐθενὶ
1052 3223 1129 3316 πρὸς
1149 3215 1255 3291 εθθαι-

100 3350 208 3445 μονίαν
223 3348 480 3442 ἀπολειφθήσεται
501 3356 557 3414 τοῦ
576 3347 628 3414 τὸν
647 3343 742 3413 αἰῶνα
764 3345 921 3440 χρωμένου
941 3356 982 3441 τῇ
1002 3347 1107 3442 ἀρετῇ,
1123 3346 1175 3416 καὶ
1193 3375 1253 3442 μα.

99 3473 214 3570 καρίως
232 3477 262 3542 ἐν
277 3479 355 3572 αὐτῇ
371 3468 600 3551 καταθιοῢντος.

135 3603 278 3664 -Stoicis
288 3620 345 3662 non
360 3603 470 3661 videtur
481 3600 629 3674 optabilior
646 3615 697 3658 nec
711 3599 799 3674 magis
813 3599 968 3674 expetenda
985 3600 1067 3658 beata
1085 3601 1157 3673 vita,
1176 3591 1204 3660 εί
1217 3602 1255 3661 sit

99 3696 194 3769 longa,
205 3710 290 3768 qnam
301 3694 325 3752 si
337 3694 375 3750 sit
386 3691 475 3750 brevis
488 3697 560 3765 (cap.
574 3690 628 3763 14).

157 3924 212 3941 -
228 3867 333 3984 ίθσπερ
355 3895 371 3957 θ
390 3897 490 3981 πῆχυν
506 3886 627 3980 σἰπέχων
647 3890 729 3980 irc-i
750 3885 888 3978 θαλάττῃ
911 3896 968 3965 τῆς
991 3887 1180 3982 ἐπιφανείας,
1200 3891 1250 3955 οὐ·

104 4009 159 4085 θέν
172 4014 266 4092 ἦττον
283 4014 426 4109 πνίγεται
441 4023 496 4081 τοῦ
510 4000 762 4091 καταθεθοκότος
780 4005 904 4107 ὀργυιὰς
923 4012 1141 4093 πεντακοσίας·
1159 4017 1254 4092 οὕτως

103 4132 177 4210 otis
192 4139 222 4209 οἱ
238 4133 421 4221 πιλαῖοντες
438 4138 545 4233 ἀρετῇ,
560 4147 621 4205 τῶν
639 4132 757 4231 μακρὰν
773 4134 868 4205 ὄντων
887 4134 983 4212 ἧττόν
1003 4137 1075 4205 εἰσιν
1097 4141 1126 4206 ἐν
1145 4136 1251 4228 κακίρι.

103 4264 170 4337 Καὶ
187 4263 325 4360 καθιίπερ
342 4264 370 4332 oi
387 4263 510 4356 τυρλοὶ;
526 4259 638 4354 τυρλοί
656 4269 712 4331 εἰσι
728 4257 794 4354 κᾷν,
807 4262 910 4358 ὀλίγον
927 4266 1051 4356 ὕστερον
1075 4255 1255 4332 teutatem
