2790 4770
551 365 586 376 ..
620 332 661 392 ⁴25
685 367 731 378 .-

46 471 157 534 .ωυίῐί
172 470 238 547 alii,
260 489 323 532 non
337 468 443 546 rerba,
469 469 524 530 sed
540 469 603 530 vim
619 471 805 532 Graeoorum
822 472 1044 548 expresserunt
1058 467 1100 548 (i)
1116 489 1130 525 o
1143 470 1156 527 t
1171 469 1221 527 An

62 582 175 639 eontra
188 579 386 640 eredendum
410 583 457 640 est
471 595 545 640 eum
561 578 765 641 vehementer
780 581 920 640 errasset
936 571 1085 651 Quamvis
1098 573 1220 656 pauois-

63 684 144 746 sima
162 685 202 747 ad
225 703 282 746 nos
305 686 482 766 fragmenta
496 685 626 746 illorum
650 686 862 764 pervenerint,
879 684 975 764 hujus
988 690 1096 746 tamen
1112 684 1221 744 arduae

64 791 249 870 quaestionis
263 793 388 872 pondus
403 793 625 872 excipiendum
642 799 729 873 puto.
754 795 823 867 Quo
839 792 964 856 facilius
975 793 1086 855 Latina
1104 791 1221 853 Graecis

62 901 243 979 comparari
256 907 383 978 queant,
410 919 447 962 ex
469 900 531 961 alia
545 906 634 980 parte
649 901 788 976 Homeri,
812 899 977 980 Sophoclis
992 904 1047 961 aut
1060 896 1220 976 Euripidis

63 1008 193 1088 soripta,
223 1024 260 1068 ex
277 1007 375 1069 altera
397 1026 470 1070 vero
491 1010 708 1070 Romanorum
721 1026 828 1070 versus
848 1007 1015 1086 proposui;
1032 1004 1221 1066 indemani·

62 1115 175 1176 festius
198 1114 364 1195 apparebit
384 1118 493 1176 utrum
520 1115 656 1177 fideliter
686 1115 858 1195 exemplari
891 1114 1078 1194 respondeat
1101 1112 1221 1191 effigies

64 1237 176 1295 necne,
203 1238 274 1299 quae
289 1219 352 1281 sint
365 1237 383 1280 a
398 1219 515 1282 Graecis
524 1218 655 1295 adscita,
669 1219 740 1299 quis
751 1221 890 1300 denique
906 1219 993 1281 Livio
1006 1218 1112 1280 aliisve
1126 1218 1224 1279 fuerit

64 1328 294 1411 interpretandi
315 1330 416 1405 loeus,
432 1329 617 1410 priusquam
635 1329 745 1392 Cicero
758 1332 837 1410 ipse,
858 1331 962 1409 operis
975 1329 1164 1391 difficultate
1183 1328 1222 1389 ab

65 1439 181 1499 eodem
204 1437 310 1499 studio
338 1438 471 1500 minime
498 1439 681 1514 deterritus,
708 1437 869 1518 propriam
883 1436 1070 1516 Astrologiae
1095 1431 1222 1496 dicendi

65 1545 332 1607 consuetudinem
353 1550 410 1607 aut
425 1544 538 1624 tragici
553 1545 701 1621 carminis
716 1563 830 1607 sonum
846 1544 980 1607 reddere
994 1549 1173 1605 conaretur.
1222 1576 1225 1582 ·

105 1649 155 1713 Ab
169 1651 354 1715 Andronico
368 1650 575 1731 principium.
598 1653 669 1714 Jam
684 1651 749 1712 dixi
763 1655 881 1730 quanto
904 1650 1003 1710 simus
1020 1650 1053 1710 in
1064 1647 1223 1710 desiderio

66 1757 191 1820 amissae
213 1756 298 1819 illius
324 1757 483 1838 Odysseae,
506 1762 537 1820 et
551 1775 653 1819 unum
667 1763 723 1819 aut
737 1756 886 1830 alterum,
907 1771 1003 1834 quem
1016 1772 1080 1815 non
1093 1770 1223 1838 prorsus

68 1867 207 1926 Homero
232 1862 399 1943 indignum
418 1864 545 1941 fateare,
564 1863 810 1926 commemoravi
823 1864 942 1926 locum.
954 1865 998 1924 Ea
1006 1861 1137 1942 quidem
1152 1879 1223 1940 quae

68 1972 206 2034 maxime
220 1971 379 2033 laudanda
403 1977 479 2034 sunt
502 1989 539 2034 ex
557 1971 675 2034 talibus
692 1970 836 2051 reliquiis
861 1989 945 2034 ame
963 1972 1046 2033 leota
1068 1987 1136 2032 esse
1151 1986 1225 2031 eon·

65 2080 270 2143 cedendum:
294 2085 400 2142 uetera
425 2086 550 2158 tamen,
582 2081 830 2160 qualiacumque
855 2081 928 2156 sint,
956 2083 1057 2159 poetae
1079 2078 1224 2140 membra

39 2203 43 2209 ’
61 2189 154 2269 juxta
168 2186 328 2266 appositos
343 2189 459 2250 Graeoae
473 2187 618 2268 Odysseae
638 2205 756 2265 versus,
780 2190 866 2251 unde
883 2187 998 2250 clarior
1012 2186 1140 2249 collatio
1155 2186 1221 2261 fiat,

64 2293 120 2355 hio
132 2295 278 2374 legantur
294 2313 300 2355 :

292 2550 365 2603 lell
382 2550 555 2603 maome]
573 2551 724 2603 ODYSSEAE
741 2551 934 2604 FRAGMENTA
953 2553 1000 2619 (2).

529 2717 530 2720 ’
598 2712 653 2763 Lib.
673 2711 692 2762 1.

176 2866 215 2931 V.
244 2890 272 2930 1.
295 2844 400 2956 Ᾰνδροι
423 2891 475 2957 μοι
490 2865 604 2950 ἔννεπε,
622 2870 746 2948 Μοῦσα,
759 2866 968 2955 πολύτροπον.

174 3010 217 3066 Cf.
232 3010 330 3069 Virum
345 3011 423 3081 mihi,
434 3013 577 3083 Camoena,
589 3012 682 3069 insece
694 3020 846 3068 versutum.

828 3101 858 3151 Α.
875 3099 1049 3163 Ge11.,xvt11,
1065 3104 1090 3151 9.
1145 3096 1154 3111 ⁴

177 3293 215 3355 V.
235 3290 276 3369 45
297 3292 337 3353 et
354 3290 407 3358 81.
426 3263 456 3354 ὁ
476 3285 729 3384 ποίτερ,ἡμέτορο,
751 3283 956 3385 Κρονίδη·.·..

175 3432 219 3489 Gi.
232 3436 315 3492 Pater
329 3444 424 3493 noster
436 3437 549 3494 saturni
563 3435 627 3494 filie.

898 3526 984 3591 Prisc,
999 3525 1053 3587 Vll,
1066 3530 1091 3577 6.

176 3690 216 3752 V.
236 3687 290 3767 64.
305 3685 418 3753 Τέκνον
435 3687 521 3780 ἐμὸν,
536 3689 622 3756 ποῖόν
637 3714 671 3757 οε
685 3691 757 3768 ἔπος
777 3690 870 3784 φύγεν
885 3691 971 3781 ἕρκος
985 3679 1141 3771 ὀδόντωνς

174 3828 217 3888 cf.
233 3834 294 3890 Mea
308 3850 407 3907 puero,
422 3835 490 3908 quid
503 3835 577 3893 verbi
590 3851 624 3892 ex
636 3845 685 3894 tuo
698 3853 746 3894 ore
758 3852 839 3909 supra
855 3836 943 3909 sugit?

902 3925 991 3986 Prisc„
1008 3924 1049 3985 Vi,
1066 3929 1090 3976 8.
1115 3954 1122 3968 .

110 4174 120 4220 1
155 4166 236 4218 Acad.
260 4167 269 4217 l
295 4173 309 4220 :3
337 4172 377 4221 10.

94 4171 135 4320 {23
152 4253 209 4303 vid.
223 4205 458 4305 Godef.'flermanni
473 4254 597 4305 Elemerda
610 4256 728 4306 Doctrirm
740 4257 849 4308 metrice.
866 4256 961 4324 Lipsiae,
980 4259 1054 4307 1836.
1066 4254 1114 4315 Qui
1125 4254 1224 4320 quidem

53 4351 152 4393 auctor
169 4338 284 4407 optimus,
299 4339 395 4392 Maeonii
406 4341 468 4393 vatis
485 4351 595 4394 tenorem
609 4353 713 4405 secutrn,
738 4352 851 4394 accurate
876 4341 987 4410 Odysseae
1008 4339 1077 4391 Liuii
1093 4338 1236 4406 nequens
