2790 4770
643 313 844 378 -120-

162 446 291 528 scripsit
315 447 485 512 Lambinus
509 469 516 513 :
544 468 643 513 unum
663 453 726 516 hoc
754 453 935 529 considero,
962 454 1049 534 quod
1071 451 1268 515 versificator
1294 458 1326 515 et

160 557 253 632 poeta
272 552 366 632 longe
385 553 569 635 praestiterit
585 555 670 620 iuter
687 576 760 621 suos
785 559 935 640 aequales,
961 564 993 622 et
1008 558 1058 621 rel
1075 557 1109 619 in
1126 557 1205 620 locis
1218 556 1326 620 minus

161 665 281 727 ornatis
307 664 493 728 Ciceronem
512 667 633 730 vicerit.
660 670 725 731 Hae
751 674 856 745 astate,
882 687 981 750 quum
1000 674 1050 731 tot
1076 672 1183 730 essent
1203 667 1263 729 viri
1292 669 1325 730 in

161 772 297 835 dicendo
326 774 527 850 excellentes,
555 781 597 850 et,
628 777 809 855 eloquentia
832 776 899 857 jam
918 777 1069 857 perlecta,
1089 775 1194 838 nullus
1216 779 1325 837 orator

160 878 255 958 patrii
279 881 433 943 sermonis
451 880 592 963 inopiam
617 885 707 964 queri
722 893 840 966 posset,
866 886 967 949 oratio
982 884 1118 966 poetica,
1139 884 1245 963 adhuc
1262 883 1325 944 im·

161 987 269 1066 pedite
291 988 406 1067 priscis
431 989 647 1053 locutionibus
674 997 706 1054 et
727 994 858 1056 omnino
880 1011 984 1073 graeca
1002 991 1254 1068 constructione,
1273 989 1324 1052 vix

160 1094 440 1174 progrediebatur!
464 1098 552 1158 Haud
570 1097 704 1160 multum
721 1097 884 1161 dissimilis
898 1099 1033 1161 orationi
1047 1099 1162 1160 solutae
1178 1100 1263 1170 erat3
1286 1111 1323 1157 ac

161 1201 188 1262 si
202 1202 283 1262 l'orte
303 1201 546 1280 desideraretur,
571 1209 607 1267 ut
629 1206 713 1286 apud
738 1206 935 1282 Ciceronem,
960 1227 976 1267 r
1003 1206 1103 1269 Graias
1122 1203 1253 1284 spiritus
1273 1219 1324 1264 ca·

162 1321 277 1381 menae,
293 1326 308 1364 n
327 1308 404 1386 qnid
422 1308 540 1373 mirum
555 1314 641 1391 qued
664 1314 807 1394 ejusdcm
821 1311 976 1393 temporis
992 1311 1156 1375 incondita
1167 1306 1320 1384 carmina,

159 1421 302 1498 Augusto
314 1419 381 1499 jam
398 1419 552 1501 principe,
565 1439 655 1484 aures
667 1423 809 1486 virorum
823 1424 975 1486 delicatas
988 1418 1199 1484 offenderint?
1221 1415 1321 1480 'rimi-

160 1525 266 1589 diores
282 1526 368 1590 enim
388 1533 503 1608 poetae,
527 1527 591 1592 sive
606 1530 638 1592 in
650 1531 754 1595 verbis
766 1532 922 1613 eligendis
939 1528 1198 1607 collocandisque
1214 1525 1322 1589 elabo-

159 1641 276 1712 rarent,
301 1637 365 1698 sive
393 1636 489 1700 etiam
512 1646 667 1718 ponerent
694 1641 835 1722 «operis
855 1650 1015 1704 summam
1034 1663 1065 1718 n,
1083 1639 1182 1702 nimia
1195 1655 1323 1713 veneraf

161 1745 249 1808 tione
262 1746 446 1809 Graecorum
465 1748 596 1829 vestigia
612 1749 838 1829 sequebantur.
1061 1826 1062 1830 Ἰ

197 1856 307 1940 Itaque
323 1853 451 1934 ingenio
464 1860 569 1934 poeta,
586 1873 652 1917 non
665 1861 732 1918 arte
741 1855 795 1937 (l),
808 1857 985 1933 Lucretius,
1004 1855 1093 1936 quasi
1106 1853 1320 1938 philosophiae

160 1965 325 2044 Epicureae
340 1981 573 2042 amoremque
585 1963 651 2043 jam
672 1968 739 2026 tcta
753 1982 842 2026 mens
862 1965 1023 2046 flagrabat,
1036 1964 1158 2045 gremio
1172 1981 1320 2046 premere

158 2068 317 2153 nequiret,
341 2090 409 2135 sese
437 2070 549 2134 effudit
572 2070 605 2133 in
628 2070 770 2153 magistri
790 2075 912 2153 laudes,
930 2093 1034 2156 neque
1049 2074 1227 2156 quidquem
1240 2073 1320 2136 anti·

159 2183 252 2264 quius
265 2183 377 2246 habuit
396 2199 492 2262 quam
519 2186 553 2244 ut
572 2187 735 2262 praecepta
754 2181 839 2245 illius
857 2178 1117 2265 pervulgarentur
1133 2185 1317 2264 explanata:

159 2289 315 2354 mirabilis
342 2289 491 2370 scriptor,
517 2289 566 2351 vel
582 2306 681 2368 quum
703 2306 809 2352 rerum
825 2308 934 2352 causas
959 2289 1097 2370 explicat
1112 2288 1317 2370 argumentis,

160 2393 362 2476 purissimam
376 2411 502 2474 semper
516 2399 646 2474 usurpat
668 2395 856 2474 orationem,
878 2396 1142 2476 quandoquidem
1163 2394 1228 2457 vim
1253 2393 1319 2474 pri-

160 2498 331 2584 migeniam
346 2503 421 2566 dare
434 2504 515 2566 solet
534 2503 707 2579 vocabulis,
728 2504 866 2584 ideoque
882 2504 971 2584 quasi
986 2502 1154 2584 proprium
1171 2507 1276 2566 serrat
1288 2501 1319 2564 in

55 2691 57 2695 ι
160 2608 330 2674 scribendo
343 2611 495 2674 colerem.
513 2612 607 2672 Illum
629 2617 736 2673 tamen
762 2629 827 2674 non
848 2609 995 2674 laudibus
1013 2612 1195 2675 extulerunt
1213 2627 1322 2692 aequa-

162 2720 221 2782 les.
238 2721 279 2781 At
299 2737 363 2781 non
378 2719 480 2780 multo
494 2723 565 2798 post
580 2718 707 2780 Ovidius
724 2719 763 2798 (ἓ)
781 2718 1042 2798 tqnisorederetll
1058 2722 1261 2798 posterorum
1276 2716 1321 2777 ita

161 2829 327 2914 praesensit
345 2826 613 2893 admirationem:

265 3037 398 3098 Carmina
409 3045 476 3096 tunc
487 3044 553 3096 sunt
563 3035 689 3095 sublimis
700 3034 824 3110 peritura
834 3033 963 3105 Lucreti,

337 3127 422 3186 exitio
433 3135 523 3185 terras
534 3142 621 3201 quum
632 3125 711 3183 dabit
722 3140 778 3182 una
789 3124 858 3182 dies.

202 3333 323 3398 Catullo
338 3335 442 3398 minus
456 3338 608 3414 praestans
626 3332 800 3416 ingenium,
824 3349 874 3392 ars
888 3335 995 3393 autem
1008 3331 1042 3393 in
1057 3329 1200 3393 versibus
1214 3331 1322 3411 exqui-

164 3441 256 3505 sitior
277 3461 285 3504 ε
303 3443 513 3523 jucunditatis
527 3459 632 3519 causa,
650 3446 745 3522 atque
765 3446 801 3503 ut
814 3439 946 3503 varietas
964 3438 1100 3503 satietati
1123 3447 1319 3517 occurreret,

162 3551 255 3630 plura
267 3551 445 3614 carminum
459 3568 576 3632 genera
589 3567 607 3612 e
621 3548 737 3612 Graecis
753 3554 878 3629 sumpta
892 3549 926 3609 in
939 3547 1075 3611 latinum
1086 3550 1261 3626 transtulit,
1277 3551 1322 3612 ita

161 3662 198 3721 nt
220 3659 342 3738 primus
368 3662 441 3720 ante
475 3657 625 3720 Flaccum
657 3679 672 3714 «
696 3657 847 3717 Romanae
877 3654 992 3716 fidicen
1017 3654 1092 3737 lyrae
1117 3677 1132 3715 e
1152 3655 1320 3718 exstiterit.

195 4027 233 4092 (¹.)
251 4025 305 4076 Nou
318 4023 428 4092 proiecto
440 4021 566 4090 probanda
579 4018 642 4070 mihi
653 4019 768 4071 ridentur
781 4017 832 4068 hoec
846 4015 875 4068 T.
892 4015 1033 4066 Ciceronis:
1047 4035 1061 4062 a
1071 4013 1182 4066 Lucretii
1197 4021 1321 4081 poemate,

160 4119 189 4160 ut
202 4107 304 4170 scribis,
320 4106 354 4156 ita
368 4113 425 4156 sunt
437 4122 444 4155 s
455 4120 506 4155 nen
518 4102 602 4154 multis
615 4102 748 4153 luminibus
761 4098 868 4167 ingenii,
882 4098 965 4148 multae
978 4106 1059 4148 umen
1072 4097 1133 4148 artis
1151 4116 1165 4142 e
1179 4097 1223 4162 (ad
1236 4095 1321 4159 Quint

157 4192 440 4347 fiblklfgrotiidium
453 4274 521 4327 blare
535 4274 601 4325 illius
614 4273 706 4340 ingenii
720 4271 884 4341 praestantiam
901 4269 1063 4338 magniloquis
1078 4256 1214 4322 celebrarat
1232 4264 1323 4319 earmi-

158 4365 231 4417 nibus
244 4366 344 4432 (Georg.
360 4361 402 4431 11).
