2790 4770
633 315 852 380 ·-17θ-

597 559 601 567 ,
621 505 694 565 Plan„
708 505 790 566 Civie.‚
805 503 870 556 vul.

300 643 400 742 ὅταν,
420 651 517 751 οἶμαι,
542 649 820 752 δημοκρατουμένη
857 655 946 733 πόλις
973 651 1137 743 ελευθερίας
1171 642 1335 740 διψύσασα

966 785 993 808 Η

177 794 279 853 κακῶν
299 782 440 874 οἰνοχόων
456 784 715 876 προστατούντων
739 785 830 877 τύχῃ,
847 780 899 849 καὶ
919 780 1104 874 πορρωτέρω
1130 787 1186 847 τοῦ
1208 770 1334 858 δέοντος

178 910 311 1002 ἀκράτου
327 912 422 987 αὐτῆς
438 908 580 1005 μεθυσθῇ,
604 910 676 988 τοῦς
695 905 849 1003 ἀρχοντας
865 899 918 993 δὴ,
939 902 974 973 ἀν
996 909 1038 998 μὴ
1056 908 1137 974 πάνυ
1157 909 1250 998 πρᾷοι
1265 900 1333 990 ῶσι,

177 1036 230 1104 καὶ
246 1036 363 1108 πολλὴν
381 1036 537 1128 παρέχωσι
552 1035 608 1108 τὴν
628 1034 808 1129 ἐλευθερίαν,
827 1025 950 1112 κολάζει
969 1030 1134 1125 αἰτιωμένη
1154 1037 1193 1109 ὡς
1208 1032 1334 1123 μιαρούς

179 1187 212 1227 τε
226 1159 277 1227 καὶ
296 1160 518 1253 ὀλιγαρχικούς.
534 1193 587 1204 -
601 1161 701 1250 Δρῶσι
716 1156 788 1254 γὰρ,
808 1159 877 1249 ἔφη,
895 1167 997 1224 τοῦτο.
1020 1155 1101 1233 Τοὺς
1122 1144 1159 1220 δέ
1173 1179 1221 1247 γε,
1237 1148 1332 1233 εἷπον,

181 1293 241 1351 τῶν
255 1283 412 1376 ἀρχόντων
427 1285 599 1363 κατηκόους
615 1276 836 1376 προπηλακίζει
847 1287 887 1360 ὡς
900 1269 1115 1355 ἐθελοδούλους
1125 1301 1161 1343 τε
1177 1272 1231 1343 καὶ
1245 1265 1332 1342 οὐδὲν

181 1412 284 1495 ὄντας,
302 1410 372 1487 τοὺς
390 1401 424 1476 δέ
445 1406 598 1502 ἀρχοντας
625 1410 679 1502 μέν
699 1411 896 1505 ἀρχομένους,
922 1407 1108 1501 ἀρχομένους
1134 1395 1170 1471 δέ
1190 1400 1333 1496 ἀρχουσιν

182 1534 302 1627 ὁμοίους
317 1526 382 1625 ἰδίᾳ
402 1561 435 1603 τε
454 1536 507 1604 καὶ
526 1525 663 1630 δημοσίᾳ
683 1539 850 1604 ἐπαινεῖτε
875 1533 928 1602 καὶ
952 1537 1049 1626 τιμᾷ·
1077 1532 1123 1624 ἀρ’
1138 1525 1189 1597 οὖν
1215 1529 1332 1623 ἀνάγκη

181 1660 211 1726 έν
226 1659 352 1753 τοιαύτῃ
376 1659 462 1726 πόλει
481 1661 532 1727 ἐπὶ
545 1665 606 1727 πάν
627 1661 662 1728 τὸ
683 1670 738 1738 τῆς
754 1657 920 1754 ἐλευθερίας
936 1640 1097 1742 ἰέναιςέ-
1111 1656 1184 1733 Πῶς
1199 1651 1258 1749 γὰρ
1276 1653 1333 1740 οὕς

182 1821 235 1832 ·-
249 1786 312 1855 Καὶ
326 1776 532 1863 καταδύεσθαί
545 1812 592 1881 γε,
606 1782 642 1857 ἦν
658 1776 686 1850 δ’
700 1787 771 1880 ἐγὼ,
795 1783 819 1851 ὦ
839 1784 918 1878 φιλε,
939 1783 979 1862 εἰς
998 1810 1032 1852 τε
1051 1779 1106 1860 τὰς
1123 1769 1205 1857 ἰθέας
1222 1777 1332 1864 οἰκίας,

183 1908 234 1978 καὶ
248 1914 393 2000 τελευτᾷν
414 1912 503 2002 μέχρι
520 1916 582 1977 τῶν
602 1909 712 2002 θηρίων
727 1909 781 1983 τὴν
797 1908 943 2002 ἀναρχίαν
963 1907 1165 2002 ἐμφυομένην.
1180 1904 1333 1983 -Πῶς,

182 2030 202 2106 ἦ
220 2023 248 2098 δ’
268 2030 310 2112 ὃς,
327 2033 363 2098 τὸ
381 2043 519 2099 τοιοῦτον
536 2036 685 2127 λέγομενς
699 2066 752 2081 -
771 2029 859 2114 Οἷυν,
882 2035 966 2126 ἔφην,
983 2032 1105 2120 πατέρα
1121 2028 1176 2122 μέν
1192 2017 1337 2105 ἐθίζεσθαι

185 2148 276 2227 παιδὶ
289 2161 394 2250 ὅμοιον
408 2155 562 2252 γίγνεσθαι
580 2158 633 2224 καὶ
655 2155 813 2248 φοῦεῒσθαι
829 2160 900 2237 τοὺς
918 2158 1003 2236 υἱεῖς,
1022 2157 1085 2224 υἱὸν
1107 2147 1144 2221 δέ
1161 2151 1272 2248 πατρὶ,
1287 2150 1338 2220 καὶ

187 2287 265 2377 μήτε
292 2282 484 2376 αἰσχύνεσθαι
504 2290 582 2377 μύτε
601 2276 735 2351 δεδιέναι
753 2286 823 2364 τοὺς
841 2286 960 2379 γονέας,
989 2285 1040 2351 ’ίνα
1063 2273 1102 2359 δὴ
1130 2279 1282 2375 ἐλεύθερος
1299 2275 1337 2372 ἐφ’

186 2412 327 2501 μέτοικον
344 2401 380 2475 δὲ
406 2411 491 2496 ἀστῷ
510 2411 561 2477 καὶ
582 2408 673 2477 ἀστὸν
693 2411 825 2501 μετοίκῳ
845 2402 1027 2488 ἐξισοῦσθαι,
1055 2404 1108 2473 καὶ
1131 2396 1213 2483 ξένον
1238 2401 1355 2468 ὡσαύο,

186 2561 286 2612 τως...
301 2525 494 2614 Διδάσκαλός
508 2561 541 2603 τε
555 2538 584 2602 ἐν
603 2543 647 2619 τῷ
662 2537 794 2624 τοιούτῳ
809 2534 960 2627 φοιτητὰς
975 2528 1116 2624 φούεῖται
1129 2528 1182 2598 καὶ
1198 2528 1338 2613 θωπεύει,

185 2659 330 2751 φοιτηταί
348 2686 380 2727 τε
405 2650 601 2728 διδασκάλων
632 2666 842 2756 ὀλιγωροῦσιν,
862 2665 943 2728 οὕτω
970 2649 1005 2726 δὲ
1026 2656 1078 2725 καὶ
1105 2646 1336 2750 παιδαγωγῶν

184 2783 236 2850 καὶ
254 2785 331 2862 ὁλως
350 2784 377 2850 οἱ
397 2784 450 2876 μέν
476 2788 535 2853 νέοι
556 2780 771 2879 πρεσύυτέροις
798 2779 1014 2865 ἀπεικάζονται
1031 2783 1084 2850 καὶ
1113 2773 1339 2874 διαμιλλῶνται

185 2911 237 2977 καὶ
256 2916 285 2979 ἐν
303 2913 407 3006 λόγοις
421 2911 472 2979 καὶ
491 2916 520 2978 ἐν
545 2913 662 3008 έργοις,
685 2912 713 2980 οἱ
730 2905 764 2979 δέ
783 2915 922 3007 γέροντες
948 2906 1155 2990 ξυνκαθιέντες
1179 2916 1243 2989 τοῖς
1264 2909 1338 2988 νέοις

186 3037 382 3130 εὐτραπελίας
408 3061 442 3103 τε
466 3035 516 3103 καὶ
547 3049 765 3131 χαριεντισμοῦ
792 3036 1014 3131 ἐμπίπλανται,
1053 3039 1236 3130 μιμούμενοι
1270 3036 1339 3112 τοὺς

186 3164 281 3246 νέους,
297 3165 345 3231 ἵνα
360 3156 399 3239 δὴ
420 3167 461 3255 μὴ
487 3154 616 3231 δοκῶσιν
636 3155 741 3244 ἀηδεῖς
761 3160 834 3231 εἶναι
858 3156 937 3257 μηδὲ
963 3155 1140 3232 δεσποτικοί
1144 3203 1273 3227 .....
1288 3191 1339 3208 ·-

187 3337 195 3355 .
215 3333 223 3352 .
242 3339 249 3356 .
266 3290 312 3355 Τὸ
333 3278 369 3356 δέ
386 3314 420 3382 γε
438 3289 581 3381 ἔσχατον,
602 3288 625 3354 ὦ
644 3289 723 3383 φιλο,
744 3300 798 3369 πῶς
828 3288 992 3384 ελευθερίας
1020 3297 1077 3357 τοῦ
1104 3288 1254 3374 πλύθους,
1272 3289 1338 3354 ὅσον

189 3412 325 3507 γίγνεται
340 3418 368 3482 ἐν
386 3425 424 3508 τῇ
441 3415 567 3507 τοιαύτῃ
583 3414 684 3504 πολει,
698 3418 769 3483 όταν
786 3407 824 3491 δὴ
843 3414 870 3483 οἱ
885 3415 1048 3508 ἐωνημένοι
1062 3411 1114 3481 καὶ
1129 3413 1161 3478 αἱ
1174 3413 1340 3506 ἐωνημέναι

191 3531 285 3631 μηδὲν
302 3538 394 3614 ἦττον
414 3541 560 3632 ἐλεύθεροι
582 3537 637 3608 ὦσι
652 3551 713 3609 τῶν
733 3541 924 3635 πριαμένων·
949 3545 978 3609 ἐν
997 3532 1115 3633 γυναιξὶ
1133 3529 1168 3606 δὲ
1187 3539 1263 3633 πρὸς
1288 3535 1342 3605 ἀν-

191 3654 265 3755 δρας
280 3663 330 3730 καὶ
346 3655 476 3756 άνδρασι
491 3665 567 3757 πρὸς
581 3670 724 3757 γυναῖκας
738 3667 793 3739 όση
809 3669 827 3739 η’
845 3664 985 3758 ἰσονομία
1002 3662 1056 3732 καὶ
1071 3663 1223 3758 ἐλευθερία
1240 3666 1340 3759 γίγνει

191 3814 255 3872 ται,
272 3786 375 3883 ὀλίγου
391 3789 586 3881 ἐπελαθόμεθ’
603 3788 721 3858 εἰπεῖν..
732 3838 754 3857 ..
772 3825 819 3840 --
834 3780 976 3883 Ᾱτεχνῶς
990 3787 1048 3883 γὰρ
1070 3791 1149 3856 αἵτε
1163 3791 1250 3867 κύνες
1263 3785 1343 3858 κατά

190 3914 247 3985 τθν
262 3909 427 4005 παροιμίαν
448 3907 510 4001 οἷαί
527 3937 581 4005 περ
604 3911 634 3976 αἱ
655 3903 824 3995 δέσποιναι,
841 3911 994 4007 γίγνονταί
1008 3937 1042 3978 τε
1060 3902 1099 3987 δὴ
1121 3912 1173 3979 καὶ
1191 3913 1283 3981 ἵπποι
1293 3911 1343 3980 καὶ

192 4038 265 4128 ύνοι,
281 4037 361 4104 πάνυ
385 4036 541 4128 ἐλευθέρως
561 4039 612 4104 καὶ
636 4048 751 4131 σεμνῶς
777 4038 933 4132 εἰθισμένοι
957 4038 1147 4134 πορεύεσθαι,
1174 4034 1257 4107 κατὰ
1288 4037 1344 4117 τὰς

192 4151 283 4242 ὁδοὺς
302 4157 507 4256 ἐμῶαλλοντες
520 4169 566 4248 τῷ
585 4162 631 4229 ἀεὶ
647 4161 837 4250 ἀπαντῶντι,
851 4159 902 4231 ἐὰν
915 4165 957 4255 μθ
974 4157 1149 4241 ἐξίστηται·
1168 4162 1222 4230 καὶ
1242 4159 1346 4231 τάλλα

191 4288 297 4357 πάντα
311 4290 392 4356 ούτω
411 4286 511 4381 μεστὰ
530 4288 697 4382 ελευθερίας
715 4289 910 4384 γίγνεται....
926 4324 980 4336 -
999 4291 1045 4359 Τὸ
1064 4281 1100 4359 δέ
1120 4281 1160 4367 δὴ
1179 4296 1345 4387 κεφαλαῖον
