2790 4770
547 329 757 392 .-62-

504 536 599 605 scrip„
615 537 753 612 Hippolyt„
766 540 824 593 612.

199 671 227 754 H
244 686 360 782 γλῶττ’
378 684 533 779 ὀμώροχ’,
552 690 571 760 ἡ
593 673 630 750 δὲ
647 687 723 778 φρὴν
741 684 913 778 ἀνώμοτος.

475 881 537 943 Cic,
553 879 585 932 de
600 881 666 949 Off„
682 881 725 948 ili,
739 884 781 942 29,
800 882 857 934 108.

193 1015 288 1074 Juravi
301 1013 438 1089 linguam,
450 1020 574 1072 mentem
586 1013 733 1088 injuratam
746 1029 821 1088 gero.

421 1200 519 1269 Eurip„
536 1203 636 1268 Fragm.
652 1199 767 1270 Hypsip„
783 1216 838 1268 pag.
856 1203 913 1254 799.

197 1331 264 1440 ἔφυ
286 1346 339 1440 ριὲν
362 1336 472 1431 οὐθεὶς,
488 1347 572 1425 ὅστις
586 1348 619 1413 οὐ
634 1351 730 1431 πονεῖ,
747 1346 867 1437 βροτῶν

196 1472 307 1542 θάπτει
323 1498 357 1541 τε
372 1474 478 1557 τέκνα,
494 1468 599 1566 χᾶτερ’
618 1466 656 1539 αὖ
675 1476 790 1539 κτᾶται
806 1473 871 1558 νέα,

196 1599 290 1677 αὐτός
308 1623 342 1664 τε
356 1598 496 1672 θνάσκει·
517 1595 570 1664 καὶ
583 1587 658 1664 πάθ’
678 1593 827 1692 άχθονται
843 1596 949 1689 βροτοὶ

194 1721 235 1804 εἰς
253 1733 310 1820 γῆν
331 1724 472 1817 φέροντες
487 1731 565 1819 γῆν·
581 1722 753 1817 αναγκαίως
773 1713 801 1788 θ’
816 1723 877 1816 ἔχει

195 1853 260 1937 βίον
279 1845 401 1946 θερίζειν
416 1856 494 1918 ὥστε
507 1850 662 1946 κάρπιμον
680 1851 812 1945 στάχυν,
825 1865 828 1872 “

193 1978 244 2047 καὶ
258 1981 312 2048 τὸν
329 1979 384 2073 μὲν
399 1973 485 2064 εἶναι,
501 1975 554 2044 τὸν
571 1967 606 2043 δὲ
625 1978 684 2069 μή·
703 1973 735 2043 τί
752 1984 856 2044 ταῦτα
877 1965 929 2042 θεῖ

193 2105 317 2188 στένειν,
331 2102 407 2195 άπερ
425 2091 473 2167 θεῖ
484 2097 567 2167 κατὰ
580 2100 668 2194 ράσιν
687 2091 865 2194 θιεκπεροῖν;

194 2219 289 2296 θεινὸν
310 2223 369 2321 γάρ
389 2217 477 2295 οὐθὲν
494 2233 556 2293 τῶν
578 2222 753 2317 ἀναγκαίων
772 2225 905 2316 βροτοῖς.

493 2424 556 2489 cic,
575 2428 656 2484 Tusa,
672 2423 716 2485 111,
734 2426 777 2488 25,
792 2428 833 2477 60.

190 2572 315 2632 Mortalis
327 2588 409 2632 nemo
423 2576 476 2643 est,
491 2588 574 2648 quem
584 2589 642 2630 non
652 2572 765 2645 attingit
778 2570 858 2630 dolor

188 2663 373 2739 morbusque3
386 2665 481 2724 multis
495 2673 561 2722 sunt
573 2663 708 2722 humandi
720 2664 798 2722 liberi
810 2685 817 2722 :

190 2769 301 2813 rursum
313 2754 440 2824 creandi3
453 2769 585 2828 morsque
599 2762 640 2812 est
651 2754 730 2812 finita
742 2752 886 2824 omnibus3

189 2857 250 2916 quae
261 2842 355 2916 generi
370 2842 492 2899 humano
506 2856 640 2915 angorem
654 2837 843 2915 nequidquam
855 2839 984 2899 asserunt.

190 2930 343 2989 Reddenda
357 2940 439 2990 terrae
451 2939 494 2989 est
508 2939 581 2990 terra
596 2948 604 2987 ι
618 2939 677 2989 tum
692 2932 748 2988 vita
763 2930 893 2989 omnibus

190 3020 326 3091 metenda,
344 3027 376 3079 ut
388 3013 490 3095 fruges.
502 3020 636 3096 Sic-Jubet
649 3021 814 3079 Necessitas.

416 3192 548 3264 Euripidis,
564 3192 636 3245 Thes.
651 3195 755 3264 fragm„
768 3211 823 3264 pag.
841 3197 897 3248 719.

192 3344 266 3452 Εγὼ
288 3348 325 3424 δὲ
344 3365 439 3425 τοῦτο
456 3354 541 3452 παρὰ
560 3367 653 3449 σοροῦ
673 3384 754 3437 τινος
774 3356 890 3451 μαθὼν,

192 3483 232 3565 εἰς
254 3473 416 3580 φροντίδας
430 3492 499 3552 νοῦν
517 3484 674 3579 συμφοράς
689 3489 715 3552 τ’
730 3478 919 3578 ἐθαλλόρην,

193 3607 289 3706 ρυγθις
303 3612 334 3678 τ’
353 3612 478 3704 ἐμαυτῷ
494 3607 664 3706 προστιθεὶς
683 3609 805 3703 πάτρας
825 3611 911 3704 ἐμῆς,

192 3734 340 3816 θανάτους
357 3736 388 3803 τ’
404 3735 531 3829 ἀώρους,
550 3732 601 3803 καὶ
618 3745 719 3803 κακῶν
736 3730 833 3816 άλλας
849 3726 955 3822 θθοθς,

491 3934 828 4001 cic.‚rus0.‚111,1a‚m.
896 3914 898 3919 ’

191 4087 264 4143 Nam
278 4083 325 4157 qui
337 4082 396 4141 haec
408 4080 528 4138 auditaa
542 4081 623 4140 docto
637 4083 828 4142 meminissem
841 4085 911 4153 viro,

192 4172 298 4232 futuras
310 4188 422 4231 mecum
434 4173 645 4231 commentabar
656 4174 799 4244 miserias;

192 4271 241 4320 aut
253 4270 373 4320 mortem
385 4262 524 4329 acerbam,
536 4271 586 4321 aut
599 4263 676 4320 exsili
690 4273 821 4321 moestam
832 4263 936 4338 fugam,

192 4356 241 4409 aut
254 4365 364 4422 semper
376 4350 500 4425 aliquam
514 4351 618 4411 molem
628 4352 781 4412 meditabar
791 4354 855 4412 maii
869 4370 877 4410 ι
