2790 4770
600 263 800 328 -263-

550 516 591 564 Ec
603 510 700 565 Sonmio
712 513 837 585 Scipionis.

157 707 235 769 Erat
253 712 361 769 autern
386 705 413 769 is
443 707 700 787 splendidissimo
722 708 860 770 candore
876 707 961 771 inter
975 689 1118 769 flammas
1133 704 1272 768 circulus

120 815 260 890 elucens,
278 833 373 896 quem
385 834 444 877 nos
458 817 504 894 (ut
517 834 534 877 a
545 814 644 878 Graiis
657 813 835 895 accepistis)
851 815 962 876 Orbem
977 815 1119 876 Luctemu
1135 813 1174 892 (l)
1190 828 1271 872 nuo·

116 920 248 1000 cupatis.

346 1383 424 1456 Epist.
438 1384 472 1434 cd
485 1384 633 1436 Familiares.
642 1414 675 1425 -
684 1385 722 1436 Ex
733 1386 855 1437 volumine
866 1385 1038 1456 Epistularum.

152 1580 226 1642 Lib.
252 1582 277 1655 Ι,
292 1584 311 1641 6
340 1599 399 1641 :-
412 1579 472 1642 Sed
497 1584 613 1658 praesta
626 1584 658 1642 te
679 1597 763 1656 eum,
781 1580 834 1659 qui
855 1579 934 1641 mihi
951 1581 1100 1656 ademeris,
1118 1585 1153 1642 ut
1168 1576 1270 1641 Graeci

61 1720 63 1725 ·
120 1686 241 1761 dicunt,
256 1689 430 1767 aequicolis
444 1705 475 1749 es
489 1688 644 1769 cognitus
657 1689 765 1751 Graece
778 1688 895 1751 dicitur
909 1688 957 1756 Ἐξ
970 1688 1081 1748 ἁπαλῶν
1095 1687 1205 1768 ὀνύχων.

157 1797 228 1858 Lib.
246 1798 298 1871 IX,
315 1799 354 1857 bd
372 1817 378 1859 :
394 1828 434 1842 -
513 1798 577 1858 Neo
597 1797 629 1857 id
645 1797 684 1857 ad
703 1799 898 1877 voluptatem
918 1799 1032 1871 refero,
1054 1799 1108 1859 sed
1124 1798 1162 1859 ad
1179 1815 1269 1860 com-

119 1903 306 1966 munitatem
328 1904 398 1966 vitae
421 1908 515 1984 atque
540 1903 651 1979 victua,
677 1886 963 1986 remissionemque
979 1905 1175 1980 animorum3
1196 1923 1267 1984 quae

116 2011 254 2073 maxime
274 2029 419 2079 sermone
443 2011 581 2073 efficitur
604 2010 762 2085 familiari,
792 2012 846 2090 qui
870 2016 917 2073 est
934 2013 967 2073 in
985 2012 1132 2073 conviviis
1149 2010 1267 2073 duleis-

111 2118 236 2181 simus:
265 2125 300 2182 ut
326 2118 498 2198 sapientius
522 2120 634 2194 nostri,
659 2137 753 2199 quam
773 2121 893 2195 Graeci;
913 2120 959 2181 illi
971 2119 1115 2198 Συμπόσιον
1131 2116 1267 2180 αανΣύν-

111 2227 215 2301 δειπνα,
230 2228 262 2287 id
290 2232 348 2302 est,
365 2229 595 2306 compotationes
611 2231 665 2288 aut
679 2230 933 2302 concertationes·
948 2245 1006 2288 nos
1018 2229 1164 2303 conuiuio,
1180 2224 1264 2304 quod

108 2335 179 2390 tum
194 2315 334 2392 'maxime
353 2331 446 2392 simul
463 2331 585 2393 vivitur.

147 2437 213 2498 Lib.
232 2439 283 2515 lX,
300 2440 338 2498 ab
355 2456 362 2499 :
385 2438 446 2498 Sed
463 2444 569 2500 tamen
592 2439 772 2519 Aristippus
788 2440 919 2519 quidem
931 2440 985 2503 ille
1002 2439 1183 2502 Socraticus
1198 2455 1264 2500 non

110 2544 248 2621 erubuit,
266 2563 367 2625 quum
394 2550 477 2608 esset
502 2546 675 2625 objectum,
700 2546 817 2609 habere
833 2565 906 2609 eum
921 2547 1026 2608 Laida.
1053 2546 1192 2612 «Habeo,
1214 2543 1262 2602 in-

110 2651 189 2731 quit,
210 2671 268 2714 ααα
286 2653 396 2713 bobecr
417 2653 588 2715 alolde.»
612 2656 719 2716 Graece
739 2655 802 2716 hoo
825 2656 947 2717 melius.
967 2656 1024 2729 Tu,
1047 2654 1072 2714 si
1090 2653 1190 2729 voles,
1217 2651 1262 2709 in·

107 2760 334 2840 terpretabere.
352 2794 390 2806 -
405 2761 514 2822 Graeca
533 2763 628 2825 verba
641 2769 714 2826 sunt
734 2763 814 2844 Ἔχω
829 2759 928 2839 Λαΐδα,
940 2763 999 2823 ἀλλ’
1013 2766 1060 2824 οὐκ
1071 2761 1180 2842 ἔχομαι.

144 2866 210 2929 Lib.
223 2870 301 2945 XIII,
320 2871 334 2929 l
352 2888 359 2929 :
377 2903 413 2913 -
429 2869 641 2939 Quamobrem
659 2875 734 2950 peto
748 2889 766 2931 a
780 2878 823 2947 te,
833 2875 869 2932 ut
882 2869 1000 2932 scribas
1015 2870 1055 2930 ad
1070 2874 1152 2941 tuos,
1168 2880 1260 2945 posse

103 2980 158 3037 tua
177 2976 337 3038 voluntate
365 2977 519 3038 decretum
539 2975 620 3038 illud
633 2978 898 3058 Areopcqr'torum,
924 2993 1021 3056 quem
1037 2973 1260 3053 Ὑπαμνηματισ·

101 3079 151 3159 μὸν
165 3082 211 3143 illi
224 3089 348 3159 vocant,
366 3085 446 3147 tolli.

140 3190 208 3252 Lib.
226 3189 291 3267 XV,
318 3180 384 3254 {6'2
401 3225 442 3238 -
464 3195 572 3273 Neque
586 3194 619 3255 id
635 3193 704 3254 Κατ’
720 3193 836 3253 εἰδώλων
857 3191 1011 3276 φαντασίας,
1032 3195 1069 3253 ui
1082 3190 1194 3253 dicuni
1209 3187 1256 3251 iui

101 3297 197 3360 amici
213 3298 295 3374 novi,
313 3300 368 3380 qui
382 3305 495 3380 putant
513 3302 609 3364 eiiam
621 3303 798 3374 Διαναητικὰς
812 3299 956 3382 φαντασίας
977 3303 1101 3378 spectris
1120 3296 1256 3359 Catianis

98 3407 240 3469 excitari.
266 3410 356 3483 Nam,
376 3414 468 3487 nete
495 3410 606 3492 fugiat,
623 3409 727 3473 Catius
751 3410 895 3484 Insuber,
922 3406 1112 3489 Epicureus,
1130 3405 1184 3486 qui
1201 3423 1257 3466 nu·

96 3527 155 3590 per
178 3516 226 3573 est
249 3519 402 3591 mortuus,
432 3533 502 3595 quae
528 3516 583 3577 ille
606 3517 793 3596 Gargettius,
820 3516 916 3578 etlam
945 3518 1018 3576 ante
1041 3511 1251 3588 Democritus,

97 3617 217 3693 Εἴδωλα,
232 3620 284 3682 bic
300 3629 416 3702 spectro
429 3625 584 3687 nominat.
963 3628 966 3634 '

136 3726 204 3791 Lib.
226 3732 304 3807 XVI,
323 3737 361 3792 ab
380 3753 386 3794 :
413 3769 452 3777 —
471 3732 546 3795 Mihi
567 3750 662 3812 prmo
686 3738 714 3793 et
725 3736 844 3812 pupplo,
862 3737 899 3794 ut
923 3732 1106 3794 Graecorum
1123 3744 1253 3809 prover-

97 3833 186 3897 bium
202 3842 258 3911 est,
278 3839 366 3900 suita
381 3857 432 3901 me
447 3841 491 3902 tui
507 3837 700 3914 dimittendi,
718 3843 752 3900 ut
765 3839 902 3902 rationes
920 3843 1044 3902 nostras
1062 3835 1246 3915 explicares.

95 3974 134 3987 ·-
150 3946 258 4005 Graece
274 3944 390 4007 dicitur
404 3946 504 4029 {ipsiipsi
518 3948 563 4007 καὶ
577 3945 696 4029 πρύμνα.

127 4283 163 4348 (l)
181 4281 264 4332 Graece
277 4282 372 4340 Κύκλος
384 4285 505 4348 γαλαξίας.
