2790 4770
610 333 810 395 -180-

133 476 191 524 crat
204 467 271 524 loris
284 478 312 524 et
325 470 354 524 in
365 477 459 540 aperto
480 469 584 526 victum
603 470 789 542 quaerentibus
804 485 1006 543 nonnunquam
1022 469 1153 543 inJuriam
1174 471 1285 543 propul-

58 563 64 571 '
129 573 200 627 sare,
218 556 320 635 idcirco
337 557 543 631 rirum,quam
559 560 719 626 mulierem,
733 558 800 616 iecit
818 557 1006 615 audaciorem.
1023 557 1093 633 Quia
1112 575 1177 616 vero
1201 559 1289 631 partis

128 643 227 716 opibus
236 659 314 716 aeque
330 643 381 700 luit
393 660 462 718 opus
476 646 610 702 memoria
625 655 653 702 et
667 645 826 720 diligentia,
840 661 897 702 non
910 645 1050 701 minorem
1064 641 1185 712 lerninae,
1202 660 1285 717 quam
1312 705 1315 710 ,

128 735 202 805 viro,
219 750 313 790 earum
328 750 424 791 rerum
437 735 535 792 tribuit
553 736 757 808 possessionem
804 778 810 790 .
820 775 826 789 .
838 775 845 789 .
857 737 929 791 Tum
950 734 1035 791 etiam
1043 776 1052 806 ,
1074 733 1152 807 quod
1171 734 1289 806 simplex

126 832 223 880 natura
240 839 298 880 non
311 839 410 881 omnes
421 839 467 879 ros
479 823 643 880 commodas
653 819 917 897 amplectirolebat,
929 822 1032 880 idcirco
1041 822 1287 900 alterumalterius

130 911 253 988 indigere
267 912 367 982 voluit3
376 911 527 985 quoniam,
539 912 614 986 quod
626 914 706 971 alteri
721 914 808 983 deest,
823 922 923 985 praesto
939 912 1103 985 plerumque
1114 919 1158 970 est
1167 912 1259 971 alteri.
1273 936 1286 962 ν

863 1003 882 1052 E
896 1001 1043 1062 Columella,
1060 1000 1115 1060 Xll,
1130 1001 1146 1068 §
1162 1003 1215 1054 l·t.

611 1247 669 1312 Cap.
688 1242 750 1304 vlll,
765 1248 791 1294 2.

171 1340 249 1422 Ϊίστι
266 1339 332 1446 ’μὲν
361 1353 420 1448 γὰρ
446 1353 536 1419 πενία
559 1355 637 1425 αὕτη
669 1354 779 1444 σαφὴς,
799 1353 833 1419 τὸ
860 1343 1004 1445 δεόμενόν
1029 1382 1110 1434 τινος
1133 1359 1175 1446 pri
1204 1355 1285 1448 ἔχειν

120 1478 262 1572 χρῆσθαι.
291 1463 478 1569 Ᾱλοποτέφα
493 1468 528 1543 δὲ
544 1478 620 1550 αὕτη
641 1483 659 1551 ἡ
677 1467 790 1561 ἔνδεια,
805 1477 841 1544 τὸ
854 1468 1011 1557 ζητοῦντά
1024 1506 1055 1546 τι
1074 1482 1115 1572 pir
1135 1468 1284 1546 du‘rorodon

119 1597 238 1688 λαθεῖν,
260 1600 279 1676 ἢ
306 1603 361 1677 την
377 1603 473 1694 ἀρχὴν
489 1592 570 1694 μηδὲ
584 1594 697 1690 ζητεῖν,
717 1592 824 1667 εἰδότα
843 1601 893 1669 ὅτι
908 1595 963 1669 odit
982 1602 1078 1670 ἔστιν.
1102 1591 1191 1686 Ᾱλλοὶ
1211 1601 1284 1696 γὰρ,

116 1729 188 1821 ἔφην
205 1727 277 1820 ἐγὼ,
298 1722 420 1795 τούτων
439 1729 473 1794 οὐ
491 1726 527 1792 σὺ
545 1724 638 1804 αἰτία,
656 1726 726 1792 άλλ’
745 1729 817 1821 ἐγὼ,
833 1728 881 1794 ὅτι
894 1729 926 1794 οὐ
941 1720 1038 1807 τάξας
1053 1753 1102 1795 σοι
1114 1718 1286 1822 παρέδωκα

118 1858 195 1924 ὅπου
220 1859 279 1949 χρὴ
297 1856 417 1922 ἕκαστα
435 1854 570 1943 κεῖσθαι,
586 1856 668 1932 ὅπως
683 1845 766 1948 εἰδῇς
785 1856 862 1921 ὅπου
879 1879 914 1948 γε
929 1845 979 1921 δεῖ
995 1854 1120 1941 τιθέναι,
1136 1855 1188 1922 καὶ
1207 1856 1286 1924 ὁπό-

118 1982 165 2069 θεν
178 1974 360 2074 λαριθάνειν.
380 1960 459 2047 Ῑίστι
481 1970 511 2044 δ’
530 1969 616 2046 οὐδὲν
634 1983 746 2062 οὕτως,
770 1976 793 2045 ὦ
815 1979 916 2070 γύναι,
935 1981 1000 2046 οὔτ’
1021 1981 1187 2073 εὔχρηστον
1206 1981 1279 2049 οὔτε
1366 2013 1371 2021 ·

118 2104 215 2173 καλὸν
236 2103 421 2196 ἀνθρώποις,
443 2109 482 2180 ὡς
502 2108 520 2175 ri
539 2095 639 2180 τάξις.
659 2101 723 2169 Καὶ
741 2099 799 2196 γὰρ
818 2103 906 2195 χορὸς
929 2095 962 2180 ἐξ
977 2101 1143 2194 ἀνθρώπων
1162 2103 1285 2198 σογκεί·

119 2228 205 2326 μενός
221 2232 317 2296 ἐστιν.
348 2217 425 2294 Ᾰλλ’
440 2229 514 2322 ὅταν
530 2227 584 2320 ριὲν
607 2236 748 2314 ποιῶσιν,
762 2228 825 2313 ὅ,τι
844 2222 879 2294 διν
898 2227 978 2321 τέγη
1000 2230 1143 2328 ἕκαστος,
1159 2233 1286 2322 ταραχή

127 2383 174 2434 τις
192 2355 348 2444 φαίνεται,
369 2350 421 2418 καὶ
438 2352 561 2419 θεᾶσθαι
576 2352 721 2444 ἀτερπές·
747 2355 822 2420 ὅταν
841 2344 875 2418 δὲ
893 2355 1085 2447 τεταγμένως
1104 2363 1216 2421 ποιῶσι
1232 2355 1286 2423 καὶ

124 2483 330 2576 φθέγγωνται,
350 2477 415 2569 ἅμα
436 2477 463 2542 οἱ
488 2477 577 2543 αὐτοὶ
597 2474 682 2543 οὗτοι
704 2476 755 2542 καὶ
774 2469 947 2553 ἀξιοθέατοι
967 2467 1108 2545 δοκοῦσιν
1135 2473 1209 2546 εἶναι
1231 2477 1285 2546 καὶ

123 2601 331 2686 άξιάκουστοι.
355 2603 419 2669 Καὶ
445 2600 578 2694 στρατιά
605 2627 655 2694 γε,
685 2603 757 2690 ἔφην
787 2604 859 2695 ἐγὼ,
887 2597 911 2667 ὦ
942 2602 1042 2695 γιίναι,
1060 2592 1206 2683 1ιίίτοαιτος
1230 2606 1284 2697 μὲν

125 2730 215 2819 οὖσα,
230 2719 525 2824 ταραχωδέστατον,
541 2725 592 2793 καὶ
604 2735 670 2804 τοῖς
686 2728 739 2821 ριὲν
756 2726 913 2818 πολεμίοις
929 2729 1202 2820 εὐχειρωτότατον,
1219 2740 1285 2808 τοῖς
1325 2779 1328 2783 .
1356 2748 1360 2755 '

130 2851 166 2927 δὲ
186 2857 284 2952 φίλοις
305 2847 499 2928 ἀηδέστατον
520 2857 591 2944 ὁρᾷν
610 2843 661 2919 καὶ
679 2853 928 2946 ἀχρηστότατον,
949 2852 1015 2932 ὄνος
1031 2860 1120 2943 ὁμοῦ,
1142 2854 1284 2940 ὁπλίτης,

129 2986 322 3077 σκεοόφορος,
336 2977 437 3070 ψιλὸς,
454 2979 575 3068 ἱππεὺς,
595 2973 712 3072 ἅμαξα.

165 3135 234 3190 Nara
246 3137 323 3186 vetus
337 3136 378 3184 est
392 3127 579 3198 proverbium,
595 3130 783 3198 paupertatem
794 3127 977 3183 certissimam
990 3143 1060 3196 esse,
1071 3143 1158 3201 quum
1168 3127 1287 3202 alicujus

130 3222 264 3294 indigeas,
277 3217 317 3274 uti
330 3233 362 3272 eo
375 3231 431 3271 non
447 3230 537 3286 posse,
552 3214 614 3286 quia
633 3215 784 3288 ignoretur,
801 3216 846 3271 ubi
860 3215 1016 3288 projectum
1024 3216 1130 3287 jaceat,
1146 3216 1222 3289 quod
1236 3217 1286 3274 de·

107 3341 110 3348 ·
131 3308 334 3366 sideretur....
350 3308 446 3375 ltaque
459 3302 489 3358 in
502 3318 533 3358 re
554 3301 679 3358 familiari
696 3303 859 3359 laboriosior
876 3311 918 3359 est
937 3303 1121 3376 negligentia,
1144 3319 1229 3375 quam
1243 3304 1286 3361 di·

130 3397 253 3472 ligentia.
269 3394 338 3465 Quis
351 3392 426 3449 enim
438 3391 555 3460 dubitet,
575 3391 643 3446 nibil
657 3407 715 3448 esse
734 3392 874 3464 pulchrius
893 3392 922 3448 in
935 3392 1012 3449 omni
1024 3391 1131 3448 ratione
1144 3391 1208 3479 vitm
1229 3393 1287 3450 dis-

132 3488 268 3563 positione
290 3493 373 3556 atque
391 3481 509 3538 ordine?
530 3480 605 3555 quod
630 3482 714 3537 etiam
740 3481 853 3538 ludicris
873 3483 1035 3554 spectaculis
1058 3482 1124 3538 licet
1142 3497 1214 3554 saepe
1236 3499 1286 3541 co·

131 3591 275 3654 gnoscere.
289 3574 362 3630 Nam
384 3571 430 3628 ubi
451 3571 554 3627 chorus
572 3571 733 3626 canentium
754 3586 811 3626 non
833 3570 917 3626 certis
940 3570 1031 3626 modis
1053 3586 1142 3642 neque
1161 3571 1286 3628 numeris

132 3665 279 3742 praeeuntis
292 3661 418 3734 magistri
433 3659 587 3729 consensit,
603 3659 743 3715 dissonum
759 3658 890 3731 quiddam
905 3675 938 3716 ac
951 3659 1154 3716 tumultuosum
1168 3658 1286 3716 audien·

127 3760 203 3816 tibus
216 3769 313 3811 canere
326 3751 446 3808 videtur.
463 3753 498 3804 At
511 3749 555 3804 ubi
573 3749 655 3804 certis
670 3749 794 3805 nutrieris
807 3765 839 3804 ac
855 3747 981 3820 pedibus,
998 3747 1072 3804 volut
1086 3745 1158 3804 lacta
1174 3748 1289 3821 conspi-

129 3849 251 3912 ratione,
273 3841 514 3910 consensumque
535 3837 692 3907 concinuit3
715 3853 749 3894 ex
770 3837 905 3910 ejusmodi
926 3853 1025 3892 vocum
1041 3836 1205 3909 concordia,
1229 3853 1287 3894 non

128 3937 219 3994 solum
244 3931 310 4004 ipsis
327 3927 489 3986 canentibus
503 3927 625 3982 anticum
642 3925 774 3998 quiddam
794 3934 822 3982 et
843 3925 923 3981 dulce
944 3934 1067 3995 resonat,
1088 3926 1286 3983 verumetiam

130 4029 286 4096 spectantes
304 4019 502 4089 audientesque
525 4015 667 4072 laetissima
688 4016 825 4086 voluptate
848 4015 1064 4103 permulcentur.
1086 4016 1150 4070 Jam
1169 4030 1235 4071 vero
1258 4015 1288 4070 in

130 4111 252 4169 exercitu
266 4123 356 4181 neque
368 4105 447 4160 utiles
460 4119 550 4174 neque
561 4102 776 4174 imperatorsinc
789 4102 885 4159 ordine
898 4120 929 4159 ac
941 4101 1121 4174 dispositione
1133 4101 1286 4175 quidquam

129 4196 359 4270 valetexplicare,
376 4208 462 4266 quum
476 4199 598 4246 armatus
614 4191 760 4267 inermem,
775 4205 857 4263 eques
876 4192 1010 4264 peditent,
1032 4192 1188 4263 plaustrum
1206 4193 1286 4265 equi-

126 4297 196 4356 tem,
211 4287 232 4343 si
248 4285 304 4341 sint
319 4280 446 4355 permira,
460 4277 638 4336 conlaudant.

816 4352 834 4400 Ε
848 4352 987 4410 Columella,
1004 4350 1055 4412 xli,
1068 4351 1084 4417 S
1097 4355 1149 4404 3·b.
