2790 4770
560 407 604 421 -
631 374 691 438 lle
714 407 759 420 -

81 509 369 584 esset,Jungcrentur;
384 526 471 584 eoque
485 521 574 581 motu,
587 512 666 584 cujus
678 511 754 568 orbis
767 525 876 582 semper
891 507 920 563 in
935 505 1035 562 codem
1049 513 1110 562 erat
1125 504 1238 563 eodem-

81 650 136 709 que
148 633 235 692 modo
247 634 380 706 elebatur,
390 620 512 710 undique
522 645 564 693 cst
577 651 624 694 eas
633 635 849 708 circumplexus.
864 635 956 705 Atque
969 631 1004 688 ita
1020 645 1106 704 quum
1119 629 1237 687 alterum

83 738 156 819 esset
174 761 357 826 exteriorem,
380 761 541 820 interiorem
562 761 697 837 alterum,
714 759 856 833 amplexus
872 757 983 828 orbcm3
1005 755 1097 828 illum,
1116 755 1240 829 ejusdem

83 894 209 955 naturae3
224 884 316 956 hunc,
327 885 620 958 alteriusuominavlt3
634 901 767 959 casuque,
784 900 846 959 quae
859 891 919 941 erat
934 882 1077 956 ejusdcm,
1093 880 1209 939 detorsit
1225 897 1240 937 a

84 1010 170 1068 latere
185 1010 216 1066 in
235 1009 364 1068 dextram
377 1020 501 1084 partem3
518 1011 592 1069 banc
604 1019 697 1069 autem
711 1012 835 1068 citimam
855 1027 871 1066 a
888 1009 978 1066 media
1000 1008 1072 1064 linea
1092 1006 1192 1064 direxit
1208 1007 1244 1065 ad

83 1136 181 1195 laevam
195 1154 202 1192 ε
215 1134 264 1193 sed
276 1135 464 1212 principatum
476 1135 551 1193 dedit
560 1137 712 1211 superiori,
725 1153 808 1210 quam
823 1136 912 1193 solam
927 1134 1098 1192 individuam
1112 1132 1241 1206 reliquit3

83 1260 248 1319 interiorem
257 1225 350 1318 autem
360 1274 445 1332 quum
456 1260 544 1317 in'scx
556 1269 648 1334 partes
659 1260 807 1332 divisisset,
817 1269 924 1334 septem
934 1260 1015 1317 orbes
1026 1258 1152 1332 dispares
1159 1258 1243 1334 duplo

82 1391 110 1439 et
122 1382 205 1456 triplo
217 1382 363 1440 intervallo
374 1385 479 1443 moveri
487 1385 578 1459 jussit,
594 1384 742 1442 contrariis
757 1385 830 1442 inter
842 1400 871 1441 se
886 1384 1020 1457 partibus.
1036 1385 1141 1441 Eorum
1154 1392 1247 1442 autem

83 1509 172 1566 trium
184 1507 253 1566 lecit
268 1525 349 1582 pares
361 1509 529 1581 celeritatem
546 1509 595 1568 sed
609 1519 731 1584 quatuor
742 1518 769 1567 et
783 1510 854 1567 inter
869 1526 900 1568 sc
916 1509 1040 1583 dispares
1057 1517 1085 1568 et
1102 1510 1249 1569 dissimiles

85 1634 177 1691 trium
190 1634 373 1708 reliquorum.

131 1762 210 1818 vttl.
228 1761 364 1819 Animum
376 1761 460 1835 igitur
471 1778 557 1836 quum
568 1762 613 1820 ille
625 1770 786 1835 procreator
801 1759 897 1818 mundi
912 1764 988 1818 Deus
1000 1776 1034 1818 ex
1050 1777 1101 1817 sua
1116 1770 1210 1819 mente
1227 1772 1254 1819 et

96 1887 243 1944 voluntale
255 1887 403 1961 genuisset,
417 1897 478 1945 tum
492 1887 610 1963 denique
624 1904 718 1959 omno,
731 1889 803 1962 quod
818 1896 878 1946 erat
890 1894 1051 1944 concretum
1064 1893 1146 1958 atquc
1158 1901 1256 1958 corpo·

94 2028 190 2087 reum,
203 2012 397 2071 substernebat
407 2011 518 2084 animo,
530 2013 700 2087 interiusque
712 2013 847 2084 laciebat3
862 2021 945 2086 atque
965 2013 1003 2069 ita
1022 2011 1112 2069 medio
1130 2010 1253 2069 medium

97 2136 316 2197 accommodans
326 2138 484 2212 copulabat.
501 2139 546 2198 Sic
557 2139 694 2198 animusa
709 2139 802 2196 medio
816 2138 955 2212 prolectus
973 2137 1179 2195 extremitatem
1191 2137 1253 2195 ooeli

98 2282 115 2321 a
128 2279 263 2338 suprema
272 2263 385 2337 regione
397 2263 519 2321 rotundo
531 2265 636 2323 ambitu
649 2265 829 2338 circumjecit,
842 2281 957 2338 seseque
970 2264 1028 2339 ipse
1041 2281 1167 2338 versans,
1187 2265 1256 2322 divi·

98 2409 169 2450 nuru
189 2392 366 2465 sempiternae
383 2390 570 2465 sapientisque
589 2356 650 2449 vitec
669 2391 777 2450 induxit
794 2392 949 2450 exordium.
970 2396 1006 2449 Et
1024 2408 1125 2466 corpus
1146 2389 1256 2464 quidem

98 2517 164 2575 coeli
176 2516 361 2591 adspectabile
381 2517 511 2577 ellectum
529 2525 582 2588 est,
602 2518 713 2575 animus
732 2528 825 2577 autem
842 2518 988 2576 oculorum
1004 2517 1103 2592 elingit
1116 2518 1255 2575 obtutum.

101 2610 152 2701 Est
164 2652 256 2702 aumm
267 2645 377 2702 animus
386 2662 420 2703 ex
432 2646 569 2708 omnibus,
578 2645 696 2703 rationis
708 2645 946 2719 contentionisque
959 2646 1073 2719 (ἁρμονία
1083 2645 1179 2719 graece)
1190 2659 1261 2701 som·

103 2769 279 2842 piternarum
294 2785 389 2826 rerum
409 2777 437 2826 ct
449 2769 721 2843 subintelligentiam
738 2771 915 2843 cadentium,
933 2788 1047 2845 compos
1067 2779 1095 2826 ct
1111 2769 1261 2843 particeps3

104 2912 160 2969 qno
170 2896 240 2953 nibil
252 2895 287 2953 ab
299 2896 406 2969 optimo
418 2904 447 2952 et
458 2897 686 2969 praestantissimo
698 2897 824 2972 genitore
837 2899 937 2956 melius
949 2906 1126 2971 procreatum
1141 2917 1147 2952 ε
1161 2895 1262 2969 quippe

104 3020 205 3093 quiex
225 3019 321 3077 eadem
340 3019 446 3077 vinctus
465 3020 606 3095 alteraque
625 3029 739 3088 natura,
759 3019 891 3095 adjuncta
908 3022 1044 3089 aratoria,
1060 3020 1263 3094 temperatione

104 3143 191 3210 triam
202 3143 334 3216 partium,
347 3145 526 3218 proportione
539 3153 696 3218 compacta,
711 3161 740 3202 se
752 3145 811 3218 ipse
823 3162 1000 3215 conversans,
1015 3161 1103 3218 quum
1114 3145 1263 3203 materiam

106 3265 273 3324 mutabilem
293 3267 468 3341 arripuisset,
489 3277 517 3326 et
535 3285 621 3342 quum
640 3260 810 3327 individuum
826 3280 909 3345 atque
925 3272 1095 3345 simplicem,
1113 3287 1264 3345 perquam

107 3387 199 3445 omnis
209 3398 347 3460 movetur,
361 3389 546 3465 discernitque
561 3391 626 3465 quid
638 3393 675 3449 sit
686 3392 810 3466 ejusdem
821 3394 940 3467 generis,
953 3394 1020 3468 quid
1036 3394 1164 3462 alterius,
1178 3401 1206 3452 ct
1221 3408 1267 3450 ce·

107 3521 169 3571 tera
188 3512 338 3588 dijudicat,
359 3515 425 3589 quid
444 3516 542 3589 cuique
560 3517 601 3573 rei
617 3516 653 3573 sit
664 3517 785 3574 maxitne
802 3526 909 3591 aptum,
927 3518 995 3592 quid
1014 3534 1125 3592 quoquc
1141 3518 1203 3575 loco
1216 3526 1265 3576 aut

109 3635 196 3695 modo
206 3645 255 3694 aut
265 3644 391 3712 tempore
400 3638 560 3712 contingam
571 3655 688 3714 quaequc
700 3640 840 3697 distinctio
848 3640 885 3698 sit
893 3640 967 3697 inter
978 3656 1021 3708 ca,
1033 3656 1096 3713 quae
1106 3640 1267 3714 gignantur,
1317 3720 1321 3726 .

109 3769 193 3835 etea,
206 3778 268 3837 quae
280 3763 337 3821 sint
347 3779 457 3838 semper
467 3763 575 3822 eadem.
590 3732 673 3822 Ratio
684 3773 781 3822 autem
792 3781 874 3835 vera,
887 3780 948 3838 qum
960 3773 1089 3822 versatur
1106 3764 1134 3820 iu
1147 3763 1191 3832 iis,
1207 3780 1268 3838 quae

112 3894 181 3947 sunt
198 3902 309 3962 semper
325 3887 439 3960 eadem,
453 3896 482 3946 et
492 3889 521 3946 in
533 3889 581 3961 iis,
594 3850 656 3963 quae
667 3897 823 3958 mutantur,
840 3906 928 3964 quum
940 3891 967 3946 in
980 3890 1080 3948 eodem
1097 3889 1164 3946 etin
1181 3888 1269 3946 altero

113 4020 243 4071 movetur
253 4011 312 4087 ipsa
325 4030 375 4087 per
383 4031 412 4072 se
423 4014 485 4073 sinc
495 4031 572 4085 voce,
585 4023 612 4073 et
623 4016 683 4072 sinc
697 4016 753 4072 ullo
765 4033 847 4087 sono,
865 4032 951 4089 quum
964 4015 1092 4074 eamdem
1104 4023 1212 4088 partem
1226 4021 1270 4070 at·

112 4139 208 4216 tingit,
218 4157 273 4216 qua
283 4142 357 4199 solus
366 4140 430 4199 cleri
442 4150 546 4214 potest3
558 4141 633 4199 orbis
645 4141 717 4198 illius
727 4141 836 4215 pencris
846 4141 961 4200 alterius
972 4143 1135 4198 immutatus
1144 4149 1172 4197 et
1180 4147 1273 4197 rectus

115 4265 212 4325 omnia
232 4266 326 4324 animo
344 4267 487 4340 mentique
501 4267 650 4326 denuntiat
668 4285 675 4325 ι
694 4276 754 4323 tum
772 4267 915 4339 opiniones
935 4267 1170 4338 adsensionesque
1186 4264 1273 4320 firmat

116 4386 245 4468 remque
254 4392 415 4468 gignuntur.
428 4394 523 4466 Quum
534 4400 626 4450 autom
639 4393 666 4448 in
676 4393 729 4449 illis
739 4392 822 4449 rebus
836 4392 962 4462 vertitur,
974 4406 1037 4465 quae
1049 4397 1194 4449 manontes
1203 4404 1276 4446 sem·

306 4512 310 4520 ·
341 4514 346 4521 ·
392 4486 396 4493 '
1125 4483 1168 4542 lb
