2806 4764
688 361 890 424 -290-

207 506 319 581 torque
334 498 468 581 (utcum
491 498 641 563 Cicerone
665 500 736 580 ipso
760 502 886 581 loquar)
906 500 1043 581 judicari
1068 501 1174 564 dehet.
1197 502 1260 563 Sua
1279 499 1367 563 11111

205 608 321 688 cuique
335 607 489 671 vocabulo
504 607 549 670 vis
564 614 621 670 est.
636 610 692 671 Ille
710 609 820 691 igitur,
837 627 936 691 quum
950 630 1064 695 novam
1083 613 1187 675 verbis
1207 613 1258 674 vel
1272 617 1367 673 antea

205 717 292 788 tritis,
302 735 417 782 111111
433 717 700 799 significationem
717 720 815 796 dedit,
841 721 904 783 h'oc
925 727 1116 784 consecutus
1138 726 1196 796 est,
1220 725 1267 796 ut,
1293 720 1366 798 ipso

205 836 346 909 auctore,
363 848 444 894 nova
458 828 602 907 scientia,
622 829 770 891 omnibus
787 829 881 893 rebus
896 837 928 893 et
941 831 1103 894 vocabulis
1117 831 1283 906 instructa,
1299 847 1366 890 non

204 941 237 1002 in
252 958 351 1004 unum
364 938 461 1016 diem,
478 939 534 1000 sed
549 938 581 1000 in
597 944 784 1019 perpetuam
796 940 932 1019 polleret
946 959 982 1002 ac
997 940 1116 1020 vigeret
1129 944 1266 1003 aetatem.
1280 940 1365 1020 Ergo

204 1049 285 1112 hene
301 1049 341 1110 de
355 1048 419 1109 suis
434 1045 555 1110 civibus
571 1045 704 1110 meritus
721 1053 779 1125 est,
805 1050 889 1110 etad
908 1065 1019 1112 eorum
1043 1050 1271 1131 cognitionem
1289 1072 1303 1109 a
1316 1050 1365 1112 di-

204 1155 279 1219 vina
292 1151 348 1215 illa
361 1152 489 1233 ingenia
499 1173 529 1229 1,
541 1153 708 1216 Platonem
718 1153 841 1217 scilieet
852 1157 1118 1238 Aristotelemque
1127 1157 1362 1232 transferendo,

204 1266 236 1325 et
253 1260 341 1341 quod
355 1259 496 1340 linguam
511 1260 590 1322 adeo
604 1261 796 1342 locupletem
816 1260 931 1339 olfecit,
946 1268 982 1325 ut
994 1261 1043 1340 iis,
1062 1260 1116 1343 qni
1132 1266 1242 1341 postea
1255 1260 1365 1322 Philo·

202 1367 348 1449 sophiam
360 1367 518 1446 explicare
536 1367 664 1443 vellent,
681 1369 785 1430 nullus
804 1389 818 1426 1
833 1369 984 1454 oratiopis
999 1371 1046 1434 vel
1071 1368 1211 1450 copiosae
1225 1370 1275 1430 vel
1294 1367 1362 1429 ele·

202 1476 304 1557 gantis
328 1480 493 1538 ornatus»
526 1475 658 1536 deesset.
688 1474 767 1536 Nam
794 1475 1025 1555 philosophicae
1052 1474 1286 1554 disputationes
1317 1473 1365 1554 (ut

204 1586 333 1666 scripsit
346 1584 399 1647 'vir
420 1584 598 1647 litterarum
617 1581 840 1665 peritissimus)
856 1584 1017 1664 (1)·111111
1041 1584 1112 1646 11111
1136 1581 1248 1662 magis,
1265 1599 1363 1661 quam

201 1692 371 1768 orationes
388 1690 516 1772 scriptae
528 1691 685 1753 videntur.
702 1695 781 1765 Una,
799 1693 854 1754 sed
868 1692 1006 1754 maxima
1015 1690 1112 1753 virtus
1121 1690 1208 1770 apud
1221 1688 1363 1750 Tullium

188 1799 480 1880 'philosophantem
496 1799 708 1875 desideratur,
724 1800 778 1862 illa
795 1802 914 1881 quippe
928 1801 1098 1865 verborum
1114 1800 1362 1864 sententiarum-

202 1925 265 1987 que
279 1902 447 1980 subtilitas,
473 1922 581 1985 quam,
602 1905 881 1985 progredientibus
904 1907 1102 1986 temporibus
1127 1925 1164 1969 ac
1190 1899 1362 1979 doctrinis,

201 2018 311 2076 nostra
328 2012 458 2076 tandem
481 2011 613 2073 omnino
635 2011 830 2090 comparavit
851 2018 937 2076 aetas.
953 2015 1068 2076 Omnes
1088 2014 1174 2074 euim
1197 2018 1264 2075 tam
1290 2010 1362 2073 dili-

201 2127 312 2203 genter
329 2121 494 2182 illustratae
506 2124 579 2182 sunt
604 2103 731 2196 scholae,
747 2137 785 2181 111
801 2139 864 2200 quo
883 2123 1038 2186 Cartesius
1052 2124 1175 2185 clarum
1196 2119 1362 2201 sapientiae

201 2229 307 2293 studio
322 2229 429 2289 lumen
443 2228 559 2303 attulit,
574 2228 656 2290 utin
672 2229 767 2290 rebus
783 2231 918 2292 occultis
932 2249 969 2294 ac
990 2233 1117 2311 penitus
1141 2227 1261 2292 abditis
1280 2230 1361 2292 nihil

198 2338 265 2418 jam
278 2331 319 2397 sit
334 2336 420 2414 quod
436 2353 500 2395 non
515 2335 608 2413 plane
622 2353 640 2396 a
661 2333 1075 2418 nostrisinvestigatorihus
1095 2336 1231 2416 intelligi
1254 2342 1360 2416 queat.

199 2443 282 2515 Quas
298 2457 397 2520 quum
411 2439 623 2520 philosophiae
640 2439 835 2520 disciplinas,
857 2447 888 2505 et
906 2461 958 2506 111
973 2463 1044 2522 quae
1064 2442 1203 2504 maxime
1225 2440 1311 2504 iuter
1329 2460 1362 2505 se

199 2552 386 2628 repugnant,
399 2546 445 2609 illi
459 2548 651 2610 contulerint
667 2566 703 2610 ac
716 2547 1137 2635 religiosepxaminaverint,
1157 2566 1288 2611 necesse
1302 2547 1363 2610 fuit

201 2661 236 2720 ut
250 2655 404 2735 cujusque
416 2653 547 2717 rationis
564 2655 800 2719 universitatem
816 2663 847 2719 et
870 2658 994 2738 singula
1007 2661 1289 2749 persequerentur,
1308 2673 1365 2717 ne·

200 2784 263 2848 que
278 2764 452 2848 quidquam
465 2782 531 2826 non
546 2765 728 2838 enodatum,
741 2764 802 2825 nisi
816 2765 849 2825 id
866 2767 952 2845 quod
969 2770 1052 2828 esset
1071 2783 1167 2844 supra
1181 2760 1362 2840 hominem,

201 2861 428 2955 relinquerent.
447 2874 524 2934 lnde
537 2871 657 2935 facturn
680 2879 776 2935 estut
793 2875 932 2936 Platonis
953 2878 1008 2936 aut
1021 2871 1152 2935 alterius
1176 2869 1363 2952 philosophi

203 2983 369 3050 'sententiae
391 2983 457 3063 jam
476 2999 542 3043 non
564 2981 668 3043 lucem
694 2981 887 3045 desiderent.
914 2985 953 3044 At
977 2978 1122 3044 Ciceroni
1145 2998 1211 3042 non
1234 2995 1366 3058 semper

202 3094 336 3175 contigit
358 3097 394 3155 ut
416 3093 583 3155 Platonem
607 3092 726 3153 «illum
746 3110 810 3152 non
824 3089 1024 3170 intelligendi
1048 3091 1164 3164 solum,
1184 3090 1245 3151 sed
1269 3089 1367 3187 etiam

204 3196 332 3270 dicendi
353 3193 573 3292 gravissimum
596 3206 786 3262 auctorem»
803 3206 919 3293 ¹mente
942 3199 1213 3278 complecteretur
1238 3193 1294 3275 (2).
1316 3197 1368 3257 11-ἰ

205 3488 209 3520 .·
239 3477 275 3540 (1)
290 3473 416 3525 summum
437 3467 492 3519 uico
506 3466 585 3517 vnum
599 3436 694 3517 vitlem.
706 3466 808 3526 scitica,
824 3480 896 3532 quem
908 3464 995 3516 mersa
1013 3465 1096 3515 rumen
1110 3461 1249 3513 Academia
1267 3459 1371 3510 111111

206 3558 372 3632 praedicaveris
393 3573 399 3608 :
419 3564 488 3607 11111
502 3554 544 3604 1111
557 3552 677 3620 quidquid
691 3567 768 3601 novus
779 3560 906 3617 poetarum
918 3559 960 3600 aut
974 3549 1120 3615 scriptorum
1133 3555 1266 3614 proventus
1280 3545 1368 3601 edidit,

208 3645 367 3705 admiratione
379 3642 523 3709 eloquentiae
534 3639 621 3690 refert!

240 3737 277 3801 (2)
292 3732 318 3783 si
330 3731 416 3782 Latina
428 3729 514 3778 Graeco
529 3724 660 3792 exemplari
675 3722 815 3774 conteratur
830 3721 1012 3798 interpretatio,
1021 3720 1070 3770 vim
1083 3719 1214 3797 verborum
1229 3727 1254 3769 ct
1273 3729 1370 3772 senten.

208 3804 299 3856 tiarum
312 3817 326 3850 a
339 3799 371 3848 Μ.
386 3796 464 3848 Τ11111
477 3793 626 3844 intellectam
638 3790 710 3841 luisse
721 3807 772 3841 non
785 3792 916 3856 negaveris.
933 3791 954 3840 Α
971 3789 1102 3856 philologo,
1119 3796 1147 3837 ut
1158 3802 1254 3853 opinor,
1273 3803 1373 3837 neccsse

208 3916 244 3959 est
256 3904 368 3955 laudetur
380 3899 507 3964 interpres.
522 3893 666 3961 Philosophi
679 3911 736 3944 vero
750 3893 980 3961 reprehensionibus
994 3893 1093 3944 fortasse
1107 3891 1188 3940 locum
1201 3887 1295 3955 aperit,
1304 3890 1372 3956 quod

210 3992 312 4046 obscura
329 3983 438 4054 quoedam
456 3981 541 4032 Timaei
559 3997 609 4031 non
626 3980 753 4030 enodatius
768 3980 927 4047 explicaverit
948 3995 995 4029 :ea
1010 3978 1065 4029 dico
1082 3993 1135 4043 quae
1153 3975 1185 4026 ad
1203 3975 1328 4025 rationem
1341 3976 1372 4024 de

211 4071 327 4133 Universa
341 4069 464 4140 propriam
477 4084 506 4118 ac
520 4066 667 4134 peculiarem
676 4064 771 4117 Platoni
785 4065 907 4131 pertinent
919 4083 925 4114 :
939 4063 1051 4129 ambigua
1063 4072 1098 4112 est
1112 4061 1177 4112 enim
1191 4060 1217 4110 in
1231 4058 1307 4110 rebus
1318 4076 1372 4109 am·

197 4146 288 4231 ¹bi'guis
299 4156 420 4208 vertendis
433 4153 522 4204 oratio.
536 4153 596 4202 h'am
613 4168 689 4218 quum
702 4151 727 4200 in
743 4150 895 4200 Academicis
914 4149 954 4214 (ll,
974 4150 1015 4209 39)
1035 4154 1244 4198 commemorasset
1257 4144 1370 4195 Eiectum

211 4244 376 4316 Syracusium,
390 4238 432 4305 qui
449 4237 558 4300 «Solem,
575 4236 678 4296 Lunam,
701 4235 788 4296 stellas,
808 4249 894 4298 supera
911 4233 1015 4298 denique
1036 4232 1117 4281 omnia
1134 4242 1196 4281 stare
1209 4253 1221 4275 u
1235 4231 1369 4288 censebat;

203 4349 287 4400 neque
299 4336 391 4398 praeter
400 4333 500 4386 terram,
514 4338 566 4373 rem
578 4321 654 4370 ullam
666 4321 692 4369 in
700 4319 793 4369 mundo
802 4318 894 4368 moveri
906 4340 929 4379 n,
944 4319 995 4369 haec
1005 4317 1108 4382 adjectu
1122 4337 1132 4362 ,
1148 4325 1222 4381 atqu,
1234 4316 1283 4366 ho,
1295 4316 1368 4366 etiam

190 4422 326 4472 Platonem
341 4415 370 4468 in
383 4412 476 4467 Timeo
491 4410 576 4484 dicere
591 4407 696 4477 quidam
707 4404 870 4465 arbitrantur,
882 4403 927 4453 sad
935 4403 1018 4468 paullo
1030 4399 1153 4451 obscurius
1162 4420 1175 4447 1
1184 4400 1245 4468 (vid.
1255 4398 1280 4450 J.
1296 4399 1326 4451 V.
1339 4399 1369 4449 L.
