2790 4770
643 379 843 441 -304-

165 528 227 588 que
249 511 377 573 dicendi
392 531 507 593 genere
521 515 691 595 diligenter
711 517 871 580 evolverit.
887 517 1007 590 Quibus
1023 517 1202 597 praesertim
1218 514 1323 576 modis

163 620 202 679 ad
219 619 545 682 circumscribendam
560 625 737 686 orationem
752 625 835 685 inter
847 641 879 684 se
893 618 1323 702 membrajunganturinspi·

164 725 259 788 cienti
269 735 349 808 quot
363 736 395 790 ot
407 738 532 808 ‹prantae
543 731 708 792 varietates
721 735 913 792 occurrunt!
928 730 1010 791 lllud
1023 730 1109 790 enim
1124 732 1213 789 certo
1226 725 1320 802 scies,

163 837 356 913 comparatis
371 836 491 897 duabus
507 836 641 916 paginis,
661 854 749 897 unae
762 837 883 910 Graeoo,
901 836 1000 896 altera
1017 850 1034 894 e
1048 832 1159 894 Latino
1175 830 1321 910 quolibet

163 958 270 1003 rerum
296 944 461 1022 scriptore.
484 941 517 1004 Si
537 944 676 1021 denique
701 962 764 1004 una
789 942 918 1006 alterius
938 947 986 1004 est
1003 943 1064 1002 fida
1087 938 1318 1019 interpretatio,

162 1229 208 1281 Ad.
225 1229 301 1295 Regu.
318 1246 342 1295 p.
358 1232 406 1279 439
420 1240 445 1279 et
459 1234 530 1295 sqq.)
545 1230 665 1280 Convertit
679 1229 743 1280 inter
752 1247 835 1280 omnes
846 1231 895 1280 duo
904 1231 930 1279 in
939 1231 1032 1296 junctis
1046 1230 1125 1280 verbis
1139 1232 1263 1299 praecipua
1272 1245 1320 1280 esse

161 1316 289 1365 elementa.
310 1313 364 1362 Non
387 1315 453 1362 enim
472 1313 511 1361 isti
530 1314 734 1363 animadversioni
755 1324 893 1381 repugnant
913 1316 1058 1382 plerumque
1079 1316 1121 1365 illa
1142 1311 1319 1386 sesquipedalia

162 1399 246 1462 cerba,
262 1416 315 1464 qna
327 1399 415 1447 comici
430 1408 515 1464 pocta,
530 1398 634 1448 libidine
648 1409 672 1448 et
684 1399 784 1450 licentia
797 1417 841 1450 sua
855 1417 901 1466 pro
915 1400 1008 1465 iegibus
1021 1402 1068 1461 usi,
1082 1400 1220 1466 longissime
1232 1399 1321 1467 produ·

160 1493 257 1534 xerunt.
268 1483 329 1531 Nam
341 1483 650 1547 neeromantia-amia
662 1485 1001 1551 σφραγιδονυχαργοκομήται
1012 1494 1037 1534 et
1049 1483 1245 1533 suovetaurilia
1254 1499 1318 1533 com·

159 1569 305 1636 positionem
318 1569 525 1634 παρατεθειμένην
540 1568 605 1617 intus
618 1567 718 1619 habena
731 1569 859 1630 Quomodo
872 1570 938 1634 apud
952 1568 1047 1620 Graecos
1061 1571 1125 1620 inter
1138 1585 1164 1619 se
1177 1569 1245 1618 varia
1254 1585 1317 1619 eom·

158 1653 231 1722 positi
245 1653 356 1703 vocabuli
378 1653 496 1701 elementa
508 1653 649 1718 jungantur,
662 1654 812 1720 apertissime
823 1655 938 1719 explanat
947 1654 992 1703 td.
1006 1654 1081 1719 Regu.
1097 1655 1133 1720 (p.
1150 1657 1198 1704 444
1210 1662 1235 1703 et
1247 1654 1316 1720 sqq.)

159 1737 241 1789 Latini
259 1737 310 1786 fere
323 1736 408 1785 iisdem
427 1736 563 1785 rationibus
576 1747 687 1788 utuntur.
698 1767 729 1775 -
738 1738 787 1787 Aut
801 1739 912 1804 proxime
923 1739 1059 1803 junguntur
1076 1739 1196 1789 elementa
1208 1756 1213 1788 :
1225 1749 1254 1789 ut
1270 1737 1317 1787 sol·

157 1824 255 1881 stitium,
261 1822 395 1891 justitium
408 1821 451 1885 (ci.
469 1823 624 1886 φώσ-ςορος,
638 1823 821 1890 γερας-φόρος),
833 1833 873 1872 aut
887 1823 913 1872 in
928 1821 1072 1888 primigenia
1086 1823 1200 1873 vocabuli
1213 1834 1284 1890 parte
1291 1823 1317 1874 fit

157 1925 281 1975 apocopa:
294 1916 321 1956 ut
336 1904 468 1955 homi-cido
483 1906 524 1969 (ci.
546 1908 737 1972 μελί-φθογγος),
757 1918 801 1958 aut
821 1909 927 1973 deniqne
945 1908 1029 1973 (idque
1048 1907 1076 1957 lit
1094 1907 1234 1974 sepissime)
1255 1911 1316 1959 inter

157 1992 280 2042 miscenda
295 1992 344 2041 duo
356 1992 475 2041 elementa
488 1991 589 2055 ponitur
604 1992 701 2041 vocalis.
722 1991 761 2040 Ad
772 1992 955 2057 copulationem
968 1990 1069 2056 hujusce
1085 1991 1152 2040 modi
1172 1991 1316 2058 frequentis·

157 2079 217 2128 sime
231 2077 320 2127 vocalis
335 2078 343 2125 i
357 2086 499 2142 usurpatur.
515 2075 563 2126 Pro
577 2077 680 2142 exempl.
702 2076 751 2126 sint
763 2096 768 2125 :
780 2077 930 2126 centimanus
944 2074 987 2140 (ci.
1003 2076 1168 2143 ἑκατόγχειρ).
1183 2074 1312 2127 Frondifer

155 2160 198 2226 (ci.
215 2161 384 2227 φυὶλοφόρος).
396 2159 556 2224 Humiler(cf.
573 2160 725 2226 ὑγροποιὸς).
739 2158 862 2227 Laetifiuus
875 2160 918 2226 (oi.
938 2160 1097 2227 χαροποιός),
1111 2168 1160 2210 ete.
1174 2189 1206 2197 —
1221 2160 1254 2210 Ut
1267 2160 1315 2210 hac

156 2248 230 2298 verba
242 2248 328 2298 melius
340 2257 438 2304 sonent,
450 2246 541 2296 Granis
551 2248 634 2296 littera
648 2265 671 2307 o,
687 2246 779 2296 Latinis
792 2246 801 2294 i
814 2247 896 2312 potior
905 2247 1010 2297 videtur.
1023 2245 1120 2296 voeatis
1132 2265 1139 2296 t
1155 2248 1253 2313 (graeca)
1263 2256 1314 2313 post

157 2333 273 2400 qttasdam
291 2331 447 2398 primigeniae
464 2331 593 2380 verborum
606 2341 631 2381 et
644 2347 731 2381 vocum
749 2331 925 2381 declinantium
942 2341 1023 2398 partes
1036 2331 1142 2381 maxime
1157 2332 1217 2398 poni
1238 2342 1311 2382 amat.

157 2448 189 2456 -
199 2415 323 2466 lnterdum
338 2415 363 2464 in
378 2431 423 2464 usu
435 2424 470 2464 est
484 2416 574 2465 vocalis
584 2433 616 2463 e.-
630 2425 659 2465 nt
672 2414 812 2478 maie-dico,
826 2416 987 2467 bene-dico...
996 2444 1030 2455 -
1039 2416 1167 2467 interdum
1180 2417 1256 2467 etiam
1266 2436 1281 2467 o
1291 2426 1314 2468 et

158 2520 190 2555 u:
204 2509 389 2559 sacro-sanctus,
411 2499 602 2565 primo-genitus,
623 2510 670 2550 etc.
687 2499 833 2568 Grajugena,
849 2515 971 2566 aru-apex.
982 2500 1186 2552 —Praetermitto
1203 2502 1314 2566 quasdam

157 2594 315 2637 consonantes
331 2600 384 2648 quae
400 2594 500 2648 propter
510 2584 665 2649 euphoniam,
675 2594 744 2650 puto,
756 2585 876 2634 elementa
888 2583 956 2633 verbi
967 2594 1069 2635 nectunt
1087 2585 1146 2648 (vid.
1159 2585 1311 2649 ltu-hulcus,

156 2670 336 2736 ne-c-opinans,
349 2669 505 2733 tre-g-otium,
518 2670 652 2733 tri-t-avns,
668 2670 798 2731 sed-itio).

191 2755 247 2814 Sed,
259 2755 345 2803 omissa
356 2755 483 2817 compositi
495 2755 561 2803 verbi
572 2754 752 2811 informatione,
764 2757 815 2820 jam
829 2771 895 2804 nune
904 2771 1000 2805 sensum
1013 2755 1177 2822 inspiciamus.
1188 2757 1216 2806 ln
1225 2756 1310 2826 pleris-

156 2861 201 2911 que
215 2840 390 2891 vocabnlorum
402 2839 531 2903 ejusmodi,
545 2855 599 2903 pars
610 2856 663 2903 quae
677 2839 877 2904 significationem
887 2841 1041 2900 determinat,
1059 2851 1153 2907 partem
1168 2842 1311 2892 determina·

155 2938 206 2977 tam
220 2926 350 2976 antecedit.
369 2924 409 2983 tt,
425 2925 580 2980 νυκτι-πόλος
598 2924 641 2986 (cf.
658 2925 821 2990 nocti-vagus,
837 2925 904 2991 Virg.
924 2929 994 2986 Era,
1011 2927 1039 2986 tt,
1058 2929 1148 2991 2l6)...
1166 2928 1223 2991 (vid.
1240 2927 1310 2992 Regu.

157 3027 180 3075 p.
198 3014 245 3059 lGO
260 3020 283 3059 et
299 3009 373 3073 sqq.)
391 3009 470 3057 Verba
486 3009 618 3073 composita
631 3010 661 3074 (si
675 3026 770 3059 sensnm
785 3020 827 3059 aut
839 3012 921 3076 potius
930 3013 1014 3061 modos
1030 3012 1119 3077 quibus
1133 3013 1198 3062 inter
1211 3029 1235 3062 se
1248 3012 1309 3061 varia

152 3095 286 3160 jungantur
298 3094 417 3142 elementa
430 3093 571 3155 examines),
589 3093 614 3141 in
626 3103 731 3157 quatuor
745 3094 831 3143 classes
842 3095 918 3144 dividi
931 3105 1039 3161 possunt.
1055 3097 1078 3145 l⁰
1087 3097 1227 3162 Composita
1240 3095 1308 3145 verba

154 3178 359 3229 determinantia:
374 3186 413 3234 ut,
434 3176 579 3224 alti-tonans
601 3176 640 3240 (ci.
662 3179 863 3245 ὑψι-ὅρεμέτης),
880 3178 1024 3228 clari-sonus
1043 3180 1083 3244 (cf.
1103 3181 1307 3247 λαμπρὸ-φωνος),

154 3264 284 3331 tri-corpor
297 3261 338 3323 (ci.
356 3261 545 3325 τρι-σώματος),
558 3260 716 3309 tribou-ium
730 3262 770 3323 (ci.
788 3263 969 3327 apt-viardus),
983 3266 1185 3331 con-sanguineus
1199 3265 1241 3328 (ci.
1257 3265 1310 3314 σύν·

153 3347 246 3412 alpoz),
260 3345 374 3411 ira-justus
385 3344 542 3408 (ciui-dcam),
552 3344 689 3394 itu-mobilis
699 3346 891 3411 (cini-sivardi),
904 3347 1064 3417 ira-pudentia
1074 3349 1117 3412 (ci.
1126 3349 1308 3415 ἀναισχυντία).

153 3438 181 3484 2⁰
196 3431 274 3481 Verba
290 3430 338 3479 alia
351 3446 381 3478 ex
403 3430 457 3478 aliis
471 3439 527 3495 apta
540 3448 545 3478 :
558 3440 593 3489 ut,
608 3432 724 3498 ormi-ger
742 3431 783 3493 (cs.
800 3433 973 3498 ὁπλοφόρος),
988 3432 1115 3500 miri-ficus
1126 3434 1167 3499 (cf.
1190 3418 1309 3498 naupasi-

153 3516 240 3579 ποιός),
258 3513 413 3561 omni-comus
425 3512 467 3576 (cf.
491 3513 658 3578 πάμ-φαγος),
676 3513 797 3562 silvi-cola
814 3515 856 3578 (ci.
876 3516 1041 3578 ὕλη-κοίτης),
1064 3515 1160 3585 opi-fea
1178 3515 1222 3580 (ci.
1242 3517 1308 3579 δημι-

154 3601 281 3666 ουργός)...
295 3603 322 3648 3⁰
336 3597 415 3646 Verba
429 3597 560 3663 possessiva
577 3615 582 3647 :
598 3608 635 3661 ut,
650 3597 749 3669 leri-pes
764 3599 806 3665 (ci.
823 3602 967 3665 ὠκύ-πους),
982 3599 1152 3667 tardi-gradus
1168 3600 1209 3664 (cf.
1226 3599 1309 3667 βραδύ·

152 3689 233 3750 πους),
251 3683 399 3755 quadra-pes
419 3682 461 3746 (ci,
479 3686 666 3750 respui-noue)...
683 3687 712 3734 4ο
730 3686 809 3735 Verba
826 3687 937 3753 apposita
949 3705 954 3737 :
966 3697 1002 3745 ut,
1021 3685 1155 3749 urz-decim,
1175 3685 1308 3736 duo-decim

152 3773 192 3833 (ci.
207 3774 305 3822 ἒν-δεκα
313 3809 321 3834 ,
334 3770 464 3832 dui-detta),
479 3778 526 3817 ctc.

187 3858 305 3922 Equidem
319 3871 403 3903 vereor
418 3872 448 3903 ne
463 3854 541 3903 doctis
552 3871 580 3904 ac
595 3855 757 3920 prudentibus
771 3856 813 3906 illa
829 3857 962 3923 disputatio
977 3857 1076 3907 brevior
1092 3875 1121 3907 ac
1136 3860 1210 3923 paulo
1229 3859 1308 3908 obscu-

151 3943 201 3993 rior
215 3959 264 3991 csse
274 3940 395 3990 videatur.
411 3939 554 4003 llccogitent
563 3949 643 3988 antem
656 3957 742 4005 precor
752 3958 825 4006 qnam
837 3936 944 4007 perlecta
957 3942 1004 3991 sint
1019 3944 1055 4006 (ut
1071 3942 1133 4007 dixi)
1146 3959 1221 4008 opera
1230 3942 1308 3992 Gram-

152 4028 307 4089 maticorum,
323 4041 383 4091 qnos
399 4026 455 4090 jure
474 4041 502 4073 ac
515 4025 602 4074 merito
617 4024 728 4085 laudavi;
750 4035 774 4075 et
792 4027 883 4077 idcirco
903 4027 1014 4077 futurum
1033 4026 1106 4076 tuisse
1121 4036 1150 4076 ut
1166 4044 1221 4078 mea
1238 4027 1307 4076 multa

152 4112 323 4163 commentatio
343 4112 373 4160 de
387 4109 472 4157 iisdem
486 4109 557 4157 rebus
569 4110 646 4158 nihilo
665 4121 726 4173 esset
744 4111 869 4162 aestimata.
890 4112 939 4178 Ego
955 4129 1012 4162 vero
1027 4113 1075 4162 hoc
1090 4113 1116 4162 in
1131 4114 1214 4165 animo
1227 4112 1307 4180 praeci·

152 4215 227 4265 punm
242 4195 315 4246 habui
327 4205 362 4249 ut,
374 4210 450 4259 quum
461 4209 553 4258 semper
564 4194 635 4243 verba
645 4195 731 4244 Latina
739 4194 828 4245 Graecis
843 4199 998 4263 apposuerim
1013 4199 1072 4263 (quo
1082 4196 1178 4247 facilius
1188 4198 1307 4262 utriusque

147 4285 235 4349 linguae
249 4280 397 4346 comparatio
412 4278 499 4341 fieret),
514 4294 553 4327 me
571 4279 632 4328 scire
647 4281 742 4329 easdem
755 4280 821 4330 haud
835 4299 890 4332 raro
905 4281 999 4332 duabus
1013 4282 1138 4333 sororibus
1151 4299 1202 4335 esse
1213 4283 1262 4334 vias
1275 4282 1307 4331 in·

151 4366 270 4419 formandi
285 4364 414 4428 vocabula,
425 4362 548 4428 judicibus
563 4363 723 4415 ostenderem.
