<?xml version="1.0" encoding="UTF-8"?>
<!DOCTYPE html PUBLIC "-//W3C//DTD XHTML 1.0 Transitional//EN"
    "http://www.w3.org/TR/xhtml1/DTD/xhtml1-transitional.dtd">
<html xmlns="http://www.w3.org/1999/xhtml" xml:lang="en" lang="en">
 <head>
  <title>
</title>
<meta http-equiv="Content-Type" content="text/html;charset=utf-8" />
  <meta name='ocr-system' content='tesseract 3.04.00' />
  <meta name='ocr-capabilities' content='ocr_page ocr_carea ocr_par ocr_line ocrx_word'/>
</head>
<body>
  <div class='ocr_page' id='page_1' title='image "./demtciceronegrc00clavgoog_0178.png"; bbox 0 0 2790 4770; ppageno 0'>
   <div class='ocr_carea' id='block_1_1' title="bbox 473 411 767 476">
    <p class='ocr_par' dir='ltr' id='par_1_1' title="bbox 473 411 767 476">
     <span class='ocr_line' id='line_1_1' title="bbox 473 411 767 476; baseline 0.003 -2"><span class='ocrx_word' id='word_1_1' title='bbox 473 445 475 449; x_wconf 16' lang='grc' dir='ltr'><em>Α</em></span> <span class='ocrx_word' id='word_1_2' title='bbox 567 411 767 476; x_wconf 77' lang='grc'>-147-</span> 
     </span>
    </p>
   </div>
   <div class='ocr_carea' id='block_1_2' title="bbox 83 547 1246 738">
    <p class='ocr_par' dir='ltr' id='par_1_2' title="bbox 83 547 1246 738">
     <span class='ocr_line' id='line_1_2' title="bbox 86 547 1246 624; baseline 0.003 -19"><span class='ocrx_word' id='word_1_3' title='bbox 86 547 274 622; x_wconf 74' lang='lat' dir='ltr'><strong>peneadem,</strong></span> <span class='ocrx_word' id='word_1_4' title='bbox 294 563 352 605; x_wconf 93' lang='lat' dir='ltr'><strong>non</strong></span> <span class='ocrx_word' id='word_1_5' title='bbox 370 563 471 620; x_wconf 85' lang='lat' dir='ltr'><strong>sensu,</strong></span> <span class='ocrx_word' id='word_1_6' title='bbox 490 548 541 607; x_wconf 90' lang='lat' dir='ltr'><strong>sed</strong></span> <span class='ocrx_word' id='word_1_7' title='bbox 560 549 742 624; x_wconf 78' lang='lat' dir='ltr'><strong>intelligentia</strong></span> <span class='ocrx_word' id='word_1_8' title='bbox 760 550 953 618; x_wconf 64' lang='lat' dir='ltr'><strong>continentum</strong></span> <span class='ocrx_word' id='word_1_9' title='bbox 974 554 1046 619; x_wconf 87' lang='lat' dir='ltr'><strong>[turn</strong></span> <span class='ocrx_word' id='word_1_10' title='bbox 1058 551 1246 624; x_wconf 76' lang='lat' dir='ltr'><strong>intelligentia</strong></span> 
     </span>
     <span class='ocr_line' id='line_1_3' title="bbox 83 665 605 738; baseline 0 -14"><span class='ocrx_word' id='word_1_11' title='bbox 83 665 256 738; x_wconf 78' lang='lat' dir='ltr'><strong>scientiaque</strong></span> <span class='ocrx_word' id='word_1_12' title='bbox 266 666 424 724; x_wconf 85' lang='lat' dir='ltr'><strong>necessario</strong></span> <span class='ocrx_word' id='word_1_13' title='bbox 439 665 605 736; x_wconf 86' lang='lat' dir='ltr'><strong>eflicitur...]</strong></span> 
     </span>
    </p>
   </div>
   <div class='ocr_carea' id='block_1_3' title="bbox 571 852 763 922">
    <p class='ocr_par' dir='ltr' id='par_1_3' title="bbox 571 852 763 922">
     <span class='ocr_line' id='line_1_4' title="bbox 571 852 763 922; baseline 0.01 -17"><span class='ocrx_word' id='word_1_14' title='bbox 571 853 644 906; x_wconf 69' lang='lat' dir='ltr'><strong>near</strong></span> <span class='ocrx_word' id='word_1_15' title='bbox 660 852 763 922; x_wconf 72' lang='lat' dir='ltr'><strong>atqua.</strong></span> 
     </span>
    </p>
   </div>
   <div class='ocr_carea' id='block_1_4' title="bbox 86 1061 1300 3704">
    <p class='ocr_par' dir='ltr' id='par_1_4' title="bbox 86 1061 1300 3704">
     <span class='ocr_line' id='line_1_5' title="bbox 124 1061 1249 1137; baseline 0.001 -18"><span class='ocrx_word' id='word_1_16' title='bbox 124 1065 177 1120; x_wconf 78' lang='lat' dir='ltr'><strong>lii.</strong></span> <span class='ocrx_word' id='word_1_17' title='bbox 192 1061 312 1120; x_wconf 84' lang='lat' dir='ltr'><strong>Ratione</strong></span> <span class='ocrx_word' id='word_1_18' title='bbox 325 1061 412 1134; x_wconf 87' lang='lat' dir='ltr'><strong>igitur</strong></span> <span class='ocrx_word' id='word_1_19' title='bbox 425 1072 455 1120; x_wconf 88' lang='lat' dir='ltr'><strong>et</strong></span> <span class='ocrx_word' id='word_1_20' title='bbox 467 1071 562 1122; x_wconf 86' lang='lat' dir='ltr'><strong>mento</strong></span> <span class='ocrx_word' id='word_1_21' title='bbox 575 1063 684 1133; x_wconf 83' lang='lat' dir='ltr'><strong>divina,</strong></span> <span class='ocrx_word' id='word_1_22' title='bbox 700 1063 737 1122; x_wconf 92' lang='lat' dir='ltr'><strong>ad</strong></span> <span class='ocrx_word' id='word_1_23' title='bbox 755 1062 892 1136; x_wconf 83' lang='lat' dir='ltr'><strong>originem</strong></span> <span class='ocrx_word' id='word_1_24' title='bbox 907 1061 1043 1137; x_wconf 85' lang='lat' dir='ltr'><strong>temporis</strong></span> <span class='ocrx_word' id='word_1_25' title='bbox 1048 1102 1058 1134; x_wconf 92' lang='lat'><strong>,</strong></span> <span class='ocrx_word' id='word_1_26' title='bbox 1079 1061 1249 1120; x_wconf 89' lang='lat' dir='ltr'><strong>curriculum</strong></span> 
     </span>
     <span class='ocr_line' id='line_1_6' title="bbox 89 1177 1248 1254; baseline 0.001 -19"><span class='ocrx_word' id='word_1_27' title='bbox 89 1179 234 1235; x_wconf 87' lang='lat' dir='ltr'><strong>inventum</strong></span> <span class='ocrx_word' id='word_1_28' title='bbox 249 1186 291 1236; x_wconf 89' lang='lat' dir='ltr'><strong>est</strong></span> <span class='ocrx_word' id='word_1_29' title='bbox 299 1178 372 1237; x_wconf 85' lang='lat' dir='ltr'><strong>Solis</strong></span> <span class='ocrx_word' id='word_1_30' title='bbox 385 1187 414 1236; x_wconf 88' lang='lat' dir='ltr'><strong>et</strong></span> <span class='ocrx_word' id='word_1_31' title='bbox 427 1182 525 1238; x_wconf 82' lang='lat' dir='ltr'><strong>Lunae.</strong></span> <span class='ocrx_word' id='word_1_32' title='bbox 540 1178 672 1254; x_wconf 84' lang='lat' dir='ltr'><strong>[Corpora</strong></span> <span class='ocrx_word' id='word_1_33' title='bbox 683 1186 778 1236; x_wconf 90' lang='lat' dir='ltr'><strong>autem</strong></span> <span class='ocrx_word' id='word_1_34' title='bbox 790 1194 888 1236; x_wconf 90' lang='lat' dir='ltr'><strong>eorum</strong></span> <span class='ocrx_word' id='word_1_35' title='bbox 897 1179 1073 1253; x_wconf 91' lang='lat' dir='ltr'><strong>singulorum</strong></span> <span class='ocrx_word' id='word_1_36' title='bbox 1085 1195 1171 1252; x_wconf 93' lang='lat' dir='ltr'><strong>quum</strong></span> <span class='ocrx_word' id='word_1_37' title='bbox 1180 1177 1248 1236; x_wconf 83' lang='lat' dir='ltr'><strong>eile-</strong></span> 
     </span>
     <span class='ocr_line' id='line_1_7' title="bbox 86 1293 1248 1368; baseline -0.002 -16"><span class='ocrx_word' id='word_1_38' title='bbox 86 1295 172 1353; x_wconf 90' lang='lat' dir='ltr'><strong>cisset</strong></span> <span class='ocrx_word' id='word_1_39' title='bbox 182 1299 270 1365; x_wconf 90' lang='lat' dir='ltr'><strong>Deus,</strong></span> <span class='ocrx_word' id='word_1_40' title='bbox 283 1311 315 1353; x_wconf 89' lang='lat' dir='ltr'><strong>ea</strong></span> <span class='ocrx_word' id='word_1_41' title='bbox 325 1296 359 1352; x_wconf 93' lang='lat' dir='ltr'><strong>ad</strong></span> <span class='ocrx_word' id='word_1_42' title='bbox 369 1311 417 1353; x_wconf 92' lang='lat' dir='ltr'><strong>eas</strong></span> <span class='ocrx_word' id='word_1_43' title='bbox 432 1295 626 1353; x_wconf 74' lang='lat' dir='ltr'><strong>conversiones</strong></span> <span class='ocrx_word' id='word_1_44' title='bbox 639 1295 795 1363; x_wconf 90' lang='lat' dir='ltr'><strong>collocavit,</strong></span> <span class='ocrx_word' id='word_1_45' title='bbox 807 1310 876 1368; x_wconf 90' lang='lat' dir='ltr'><strong>quas</strong></span> <span class='ocrx_word' id='word_1_46' title='bbox 888 1293 1002 1352; x_wconf 89' lang='lat' dir='ltr'><strong>alterius</strong></span> <span class='ocrx_word' id='word_1_47' title='bbox 1015 1293 1147 1352; x_wconf 85' lang='lat' dir='ltr'><strong>circuitus</strong></span> <span class='ocrx_word' id='word_1_48' title='bbox 1161 1295 1248 1351; x_wconf 90' lang='lat' dir='ltr'><strong>conli-</strong></span> 
     </span>
     <span class='ocr_line' id='line_1_8' title="bbox 88 1408 1249 1483; baseline -0.001 -15"><span class='ocrx_word' id='word_1_49' title='bbox 88 1409 193 1480; x_wconf 91' lang='lat' dir='ltr'><strong>ciebat,</strong></span> <span class='ocrx_word' id='word_1_50' title='bbox 205 1425 269 1483; x_wconf 81' lang='lat' dir='ltr'><strong>quae</strong></span> <span class='ocrx_word' id='word_1_51' title='bbox 280 1418 345 1467; x_wconf 88' lang='lat' dir='ltr'><strong>sunt</strong></span> <span class='ocrx_word' id='word_1_52' title='bbox 358 1418 476 1483; x_wconf 83' lang='lat' dir='ltr'><strong>septem,</strong></span> <span class='ocrx_word' id='word_1_53' title='bbox 491 1416 523 1466; x_wconf 91' lang='lat' dir='ltr'><strong>ut</strong></span> <span class='ocrx_word' id='word_1_54' title='bbox 536 1417 564 1467; x_wconf 91' lang='lat' dir='ltr'><strong>et</strong></span> <span class='ocrx_word' id='word_1_55' title='bbox 575 1408 621 1465; x_wconf 92' lang='lat' dir='ltr'><strong>illa</strong></span> <span class='ocrx_word' id='word_1_56' title='bbox 635 1417 742 1482; x_wconf 85' lang='lat' dir='ltr'><strong>septem</strong></span> <span class='ocrx_word' id='word_1_57' title='bbox 755 1426 762 1464; x_wconf 76' lang='grc' dir='ltr'><strong>ε</strong></span> <span class='ocrx_word' id='word_1_58' title='bbox 778 1409 816 1466; x_wconf 85' lang='lat' dir='ltr'><strong>ita</strong></span> <span class='ocrx_word' id='word_1_59' title='bbox 827 1408 882 1465; x_wconf 88' lang='lat' dir='ltr'><strong>vim</strong></span> <span class='ocrx_word' id='word_1_60' title='bbox 891 1424 971 1467; x_wconf 90' lang='lat' dir='ltr'><strong>suam</strong></span> <span class='ocrx_word' id='word_1_61' title='bbox 978 1411 1083 1466; x_wconf 88' lang='lat' dir='ltr'><strong>Natura</strong></span> <span class='ocrx_word' id='word_1_62' title='bbox 1091 1409 1249 1480; x_wconf 88' lang='lat' dir='ltr'><strong>convertit,]</strong></span> 
     </span>
     <span class='ocr_line' id='line_1_9' title="bbox 90 1499 1250 1600; baseline 0 -15"><span class='ocrx_word' id='word_1_63' title='bbox 90 1535 123 1586; x_wconf 92' lang='lat' dir='ltr'><strong>ut</strong></span> <span class='ocrx_word' id='word_1_64' title='bbox 136 1535 242 1584; x_wconf 90' lang='lat' dir='ltr'><strong>terram</strong></span> <span class='ocrx_word' id='word_1_65' title='bbox 251 1528 341 1584; x_wconf 88' lang='lat' dir='ltr'><strong>Lunae</strong></span> <span class='ocrx_word' id='word_1_66' title='bbox 350 1543 450 1584; x_wconf 88' lang='lat' dir='ltr'><strong>cursus</strong></span> <span class='ocrx_word' id='word_1_67' title='bbox 458 1525 584 1600; x_wconf 79' lang='lat' dir='ltr'><strong>proxime</strong></span> <span class='ocrx_word' id='word_1_68' title='bbox 596 1525 725 1596; x_wconf 87' lang='lat' dir='ltr'><strong>ambiret,</strong></span> <span class='ocrx_word' id='word_1_69' title='bbox 736 1526 816 1599; x_wconf 90' lang='lat' dir='ltr'><strong>eique</strong></span> <span class='ocrx_word' id='word_1_70' title='bbox 828 1542 911 1600; x_wconf 85' lang='lat' dir='ltr'><strong>supra</strong></span> <span class='ocrx_word' id='word_1_71' title='bbox 921 1535 1026 1584; x_wconf 89' lang='lat' dir='ltr'><strong>terram</strong></span> <span class='ocrx_word' id='word_1_72' title='bbox 1038 1527 1166 1600; x_wconf 83' lang='lat' dir='ltr'><strong>proxima</strong></span> <span class='ocrx_word' id='word_1_73' title='bbox 1177 1499 1250 1586; x_wconf 91' lang='lat' dir='ltr'><strong>Solis</strong></span> 
     </span>
     <span class='ocr_line' id='line_1_10' title="bbox 91 1642 1251 1703; baseline 0.003 -3"><span class='ocrx_word' id='word_1_74' title='bbox 91 1643 288 1703; x_wconf 88' lang='lat' dir='ltr'><strong>circumvectio</strong></span> <span class='ocrx_word' id='word_1_75' title='bbox 304 1653 386 1702; x_wconf 88' lang='lat' dir='ltr'><strong>esset.</strong></span> <span class='ocrx_word' id='word_1_76' title='bbox 401 1642 514 1702; x_wconf 83' lang='lat' dir='ltr'><strong>Lucifer</strong></span> <span class='ocrx_word' id='word_1_77' title='bbox 523 1643 623 1702; x_wconf 92' lang='lat' dir='ltr'><strong>deiude</strong></span> <span class='ocrx_word' id='word_1_78' title='bbox 634 1652 663 1701; x_wconf 90' lang='lat' dir='ltr'><strong>et</strong></span> <span class='ocrx_word' id='word_1_79' title='bbox 673 1652 767 1701; x_wconf 91' lang='lat' dir='ltr'><strong>sancta</strong></span> <span class='ocrx_word' id='word_1_80' title='bbox 781 1643 913 1702; x_wconf 90' lang='lat' dir='ltr'><strong>Mercurii</strong></span> <span class='ocrx_word' id='word_1_81' title='bbox 927 1643 1008 1701; x_wconf 89' lang='lat' dir='ltr'><strong>stella</strong></span> <span class='ocrx_word' id='word_1_82' title='bbox 1021 1660 1134 1702; x_wconf 90' lang='lat' dir='ltr'><strong>cursum</strong></span> <span class='ocrx_word' id='word_1_83' title='bbox 1145 1645 1251 1703; x_wconf 89' lang='lat' dir='ltr'><strong>habent</strong></span> 
     </span>
     <span class='ocr_line' id='line_1_11' title="bbox 89 1757 1249 1834; baseline 0.001 -18"><span class='ocrx_word' id='word_1_84' title='bbox 89 1757 162 1816; x_wconf 86' lang='lat' dir='ltr'><strong>Solis</strong></span> <span class='ocrx_word' id='word_1_85' title='bbox 170 1757 304 1816; x_wconf 86' lang='lat' dir='ltr'><strong>celeritati</strong></span> <span class='ocrx_word' id='word_1_86' title='bbox 315 1775 423 1832; x_wconf 83' lang='lat' dir='ltr'><strong>parem,</strong></span> <span class='ocrx_word' id='word_1_87' title='bbox 432 1758 479 1817; x_wconf 91' lang='lat' dir='ltr'><strong>sed</strong></span> <span class='ocrx_word' id='word_1_88' title='bbox 489 1760 547 1817; x_wconf 88' lang='lat' dir='ltr'><strong>vim</strong></span> <span class='ocrx_word' id='word_1_89' title='bbox 561 1759 711 1834; x_wconf 91' lang='lat' dir='ltr'><strong>quamdam</strong></span> <span class='ocrx_word' id='word_1_90' title='bbox 721 1759 905 1832; x_wconf 80' lang='lat' dir='ltr'><strong>contrariam3</strong></span> <span class='ocrx_word' id='word_1_91' title='bbox 917 1775 1005 1834; x_wconf 88' lang='lat' dir='ltr'><strong>eaque</strong></span> <span class='ocrx_word' id='word_1_92' title='bbox 1014 1760 1192 1819; x_wconf 85' lang='lat' dir='ltr'><strong>conversione</strong></span> <span class='ocrx_word' id='word_1_93' title='bbox 1202 1761 1249 1834; x_wconf 84' lang='lat' dir='ltr'><strong>(l),</strong></span> 
     </span>
     <span class='ocr_line' id='line_1_12' title="bbox 90 1873 1250 1948; baseline 0.001 -16"><span class='ocrx_word' id='word_1_94' title='bbox 90 1890 178 1948; x_wconf 89' lang='lat' dir='ltr'><strong>quam</strong></span> <span class='ocrx_word' id='word_1_95' title='bbox 190 1873 264 1931; x_wconf 91' lang='lat' dir='ltr'><strong>inter</strong></span> <span class='ocrx_word' id='word_1_96' title='bbox 274 1890 304 1933; x_wconf 90' lang='lat' dir='ltr'><strong>se</strong></span> <span class='ocrx_word' id='word_1_97' title='bbox 314 1875 417 1932; x_wconf 88' lang='lat' dir='ltr'><strong>habent</strong></span> <span class='ocrx_word' id='word_1_98' title='bbox 426 1874 548 1945; x_wconf 84' lang='lat' dir='ltr'><strong>Lucifer,</strong></span> <span class='ocrx_word' id='word_1_99' title='bbox 560 1875 725 1944; x_wconf 87' lang='lat' dir='ltr'><strong>Mercurius,</strong></span> <span class='ocrx_word' id='word_1_100' title='bbox 735 1876 792 1944; x_wconf 90' lang='lat' dir='ltr'><strong>Sol,</strong></span> <span class='ocrx_word' id='word_1_101' title='bbox 804 1875 851 1931; x_wconf 89' lang='lat' dir='ltr'><strong>alii</strong></span> <span class='ocrx_word' id='word_1_102' title='bbox 860 1875 1062 1941; x_wconf 86' lang='lat' dir='ltr'><strong>aliosvineuut,</strong></span> <span class='ocrx_word' id='word_1_103' title='bbox 1075 1875 1250 1948; x_wconf 87' lang='lat' dir='ltr'><strong>vicissimque</strong></span> 
     </span>
     <span class='ocr_line' id='line_1_13' title="bbox 91 1990 1277 2065; baseline 0.001 -18"><span class='ocrx_word' id='word_1_104' title='bbox 91 1991 252 2050; x_wconf 82' lang='lat' dir='ltr'><strong>vincuntur.</strong></span> <span class='ocrx_word' id='word_1_105' title='bbox 264 1992 447 2065; x_wconf 86' lang='lat' dir='ltr'><strong>Reliquorum</strong></span> <span class='ocrx_word' id='word_1_106' title='bbox 461 1991 583 2049; x_wconf 89' lang='lat' dir='ltr'><strong>siderum</strong></span> <span class='ocrx_word' id='word_1_107' title='bbox 598 2008 660 2065; x_wconf 78' lang='lat' dir='ltr'><strong>quae</strong></span> <span class='ocrx_word' id='word_1_108' title='bbox 671 2008 754 2050; x_wconf 91' lang='lat' dir='ltr'><strong>causa</strong></span> <span class='ocrx_word' id='word_1_109' title='bbox 767 1991 921 2049; x_wconf 89' lang='lat' dir='ltr'><strong>collocandi</strong></span> <span class='ocrx_word' id='word_1_110' title='bbox 933 1990 1035 2061; x_wconf 87' lang='lat' dir='ltr'><strong>fuerit,</strong></span> <span class='ocrx_word' id='word_1_111' title='bbox 1050 2007 1166 2065; x_wconf 86' lang='lat' dir='ltr'><strong>quaeque</strong></span> <span class='ocrx_word' id='word_1_112' title='bbox 1181 1991 1251 2049; x_wconf 86' lang='lat' dir='ltr'><strong>alio·</strong></span> <span class='ocrx_word' id='word_1_113' title='bbox 1274 2036 1277 2041; x_wconf 91' lang='lat'><em>.</em></span> 
     </span>
     <span class='ocr_line' id='line_1_14' title="bbox 90 2107 1251 2181; baseline 0.002 -15"><span class='ocrx_word' id='word_1_114' title='bbox 90 2123 156 2166; x_wconf 93' lang='lat' dir='ltr'><strong>rum</strong></span> <span class='ocrx_word' id='word_1_115' title='bbox 170 2107 208 2166; x_wconf 92' lang='lat' dir='ltr'><strong>sit</strong></span> <span class='ocrx_word' id='word_1_116' title='bbox 220 2107 382 2179; x_wconf 86' lang='lat' dir='ltr'><strong>collocatio,</strong></span> <span class='ocrx_word' id='word_1_117' title='bbox 397 2109 426 2165; x_wconf 96' lang='lat' dir='ltr'><strong>in</strong></span> <span class='ocrx_word' id='word_1_118' title='bbox 441 2125 601 2168; x_wconf 86' lang='lat' dir='ltr'><strong>sermonem</strong></span> <span class='ocrx_word' id='word_1_119' title='bbox 617 2109 702 2167; x_wconf 91' lang='lat' dir='ltr'><strong>alium</strong></span> <span class='ocrx_word' id='word_1_120' title='bbox 716 2108 904 2167; x_wconf 82' lang='lat' dir='ltr'><strong>differendum</strong></span> <span class='ocrx_word' id='word_1_121' title='bbox 922 2118 982 2176; x_wconf 90' lang='lat' dir='ltr'><strong>est,</strong></span> <span class='ocrx_word' id='word_1_122' title='bbox 1004 2125 1041 2166; x_wconf 89' lang='lat' dir='ltr'><strong>ne</strong></span> <span class='ocrx_word' id='word_1_123' title='bbox 1061 2109 1091 2166; x_wconf 93' lang='lat' dir='ltr'><strong>in</strong></span> <span class='ocrx_word' id='word_1_124' title='bbox 1109 2125 1158 2178; x_wconf 92' lang='lat' dir='ltr'><strong>co,</strong></span> <span class='ocrx_word' id='word_1_125' title='bbox 1176 2109 1251 2181; x_wconf 93' lang='lat' dir='ltr'><strong>quod</strong></span> 
     </span>
     <span class='ocr_line' id='line_1_15' title="bbox 91 2223 1251 2300; baseline 0.003 -19"><span class='ocrx_word' id='word_1_126' title='bbox 91 2224 284 2298; x_wconf 91' lang='lat' dir='ltr'><strong>attingendum</strong></span> <span class='ocrx_word' id='word_1_127' title='bbox 300 2223 368 2293; x_wconf 84' lang='lat' dir='ltr'><strong>fuit,</strong></span> <span class='ocrx_word' id='word_1_128' title='bbox 384 2242 469 2299; x_wconf 89' lang='lat' dir='ltr'><strong>quam</strong></span> <span class='ocrx_word' id='word_1_129' title='bbox 483 2225 511 2283; x_wconf 92' lang='lat' dir='ltr'><strong>in</strong></span> <span class='ocrx_word' id='word_1_130' title='bbox 527 2242 578 2295; x_wconf 89' lang='lat' dir='ltr'><strong>eo,</strong></span> <span class='ocrx_word' id='word_1_131' title='bbox 598 2226 676 2300; x_wconf 75' lang='lat' dir='ltr'><strong>cuius</strong></span> <span class='ocrx_word' id='word_1_132' title='bbox 689 2243 773 2285; x_wconf 90' lang='lat' dir='ltr'><strong>causa</strong></span> <span class='ocrx_word' id='word_1_133' title='bbox 786 2226 815 2282; x_wconf 94' lang='lat' dir='ltr'><strong>id</strong></span> <span class='ocrx_word' id='word_1_134' title='bbox 829 2226 986 2299; x_wconf 91' lang='lat' dir='ltr'><strong>attigimus,</strong></span> <span class='ocrx_word' id='word_1_135' title='bbox 1006 2226 1114 2300; x_wconf 84' lang='lat' dir='ltr'><strong>longior</strong></span> <span class='ocrx_word' id='word_1_136' title='bbox 1130 2234 1251 2300; x_wconf 88' lang='lat' dir='ltr'><strong>ponatur</strong></span> 
     </span>
     <span class='ocr_line' id='line_1_16' title="bbox 92 2339 1250 2416; baseline 0.003 -19"><span class='ocrx_word' id='word_1_137' title='bbox 92 2341 191 2398; x_wconf 87' lang='lat' dir='ltr'><strong>oratio.</strong></span> <span class='ocrx_word' id='word_1_138' title='bbox 212 2339 330 2413; x_wconf 84' lang='lat' dir='ltr'><strong>Quando</strong></span> <span class='ocrx_word' id='word_1_139' title='bbox 342 2341 427 2416; x_wconf 87' lang='lat' dir='ltr'><strong>igitur</strong></span> <span class='ocrx_word' id='word_1_140' title='bbox 438 2341 658 2416; x_wconf 89' lang='lat' dir='ltr'><strong>unumquodque</strong></span> <span class='ocrx_word' id='word_1_141' title='bbox 676 2359 774 2401; x_wconf 94' lang='lat' dir='ltr'><strong>eorum</strong></span> <span class='ocrx_word' id='word_1_142' title='bbox 788 2343 912 2400; x_wconf 90' lang='lat' dir='ltr'><strong>siderum</strong></span> <span class='ocrx_word' id='word_1_143' title='bbox 928 2359 1042 2400; x_wconf 89' lang='lat' dir='ltr'><strong>cursum</strong></span> <span class='ocrx_word' id='word_1_144' title='bbox 1060 2342 1193 2401; x_wconf 90' lang='lat' dir='ltr'><strong>decorum</strong></span> <span class='ocrx_word' id='word_1_145' title='bbox 1207 2351 1250 2401; x_wconf 91' lang='lat' dir='ltr'><strong>est</strong></span> 
     </span>
     <span class='ocr_line' id='line_1_17' title="bbox 92 2454 1249 2532; baseline 0.003 -18"><span class='ocrx_word' id='word_1_146' title='bbox 92 2454 244 2529; x_wconf 83' lang='lat' dir='ltr'><strong>adeptum,</strong></span> <span class='ocrx_word' id='word_1_147' title='bbox 260 2458 388 2530; x_wconf 92' lang='lat' dir='ltr'><strong>equibus</strong></span> <span class='ocrx_word' id='word_1_148' title='bbox 402 2467 461 2516; x_wconf 90' lang='lat' dir='ltr'><strong>erat</strong></span> <span class='ocrx_word' id='word_1_149' title='bbox 473 2467 568 2516; x_wconf 89' lang='lat' dir='ltr'><strong>motus</strong></span> <span class='ocrx_word' id='word_1_150' title='bbox 585 2459 720 2531; x_wconf 84' lang='lat' dir='ltr'><strong>temporis</strong></span> <span class='ocrx_word' id='word_1_151' title='bbox 734 2457 955 2532; x_wconf 88' lang='lat' dir='ltr'><strong>consignandus;</strong></span> <span class='ocrx_word' id='word_1_152' title='bbox 978 2457 1167 2532; x_wconf 92' lang='lat' dir='ltr'><strong>colligatisque</strong></span> <span class='ocrx_word' id='word_1_153' title='bbox 1187 2472 1249 2517; x_wconf 87' lang='lat' dir='ltr'><strong>cor·</strong></span> 
     </span>
     <span class='ocr_line' id='line_1_18' title="bbox 92 2574 1252 2653; baseline 0.003 -20"><span class='ocrx_word' id='word_1_154' title='bbox 92 2575 209 2650; x_wconf 84' lang='lat' dir='ltr'><strong>poribus</strong></span> <span class='ocrx_word' id='word_1_155' title='bbox 221 2574 338 2634; x_wconf 87' lang='lat' dir='ltr'><strong>vinculis</strong></span> <span class='ocrx_word' id='word_1_156' title='bbox 350 2577 530 2648; x_wconf 87' lang='lat' dir='ltr'><strong>animalibus,</strong></span> <span class='ocrx_word' id='word_1_157' title='bbox 544 2585 606 2635; x_wconf 91' lang='lat' dir='ltr'><strong>tum</strong></span> <span class='ocrx_word' id='word_1_158' title='bbox 624 2576 777 2634; x_wconf 86' lang='lat' dir='ltr'><strong>animantia</strong></span> <span class='ocrx_word' id='word_1_159' title='bbox 790 2585 853 2634; x_wconf 88' lang='lat' dir='ltr'><strong>orta</strong></span> <span class='ocrx_word' id='word_1_160' title='bbox 870 2585 949 2647; x_wconf 81' lang='lat' dir='ltr'><strong>sunt3</strong></span> <span class='ocrx_word' id='word_1_161' title='bbox 966 2593 1053 2651; x_wconf 91' lang='lat' dir='ltr'><strong>eaque</strong></span> <span class='ocrx_word' id='word_1_162' title='bbox 1067 2577 1186 2652; x_wconf 87' lang='lat' dir='ltr'><strong>imperio</strong></span> <span class='ocrx_word' id='word_1_163' title='bbox 1200 2596 1252 2653; x_wconf 88' lang='lat' dir='ltr'><strong>pa-</strong></span> 
     </span>
     <span class='ocr_line' id='line_1_19' title="bbox 93 2691 1252 2769; baseline 0.004 -20"><span class='ocrx_word' id='word_1_164' title='bbox 93 2708 156 2750; x_wconf 90' lang='lat' dir='ltr'><strong>rere</strong></span> <span class='ocrx_word' id='word_1_165' title='bbox 172 2691 332 2751; x_wconf 89' lang='lat' dir='ltr'><strong>didicerunt</strong></span> <span class='ocrx_word' id='word_1_166' title='bbox 345 2712 352 2751; x_wconf 74' lang='grc' dir='ltr'><strong>ε</strong></span> <span class='ocrx_word' id='word_1_167' title='bbox 366 2702 433 2752; x_wconf 89' lang='lat' dir='ltr'><strong>tuuc</strong></span> <span class='ocrx_word' id='word_1_168' title='bbox 445 2710 478 2752; x_wconf 86' lang='lat' dir='ltr'><strong>ex</strong></span> <span class='ocrx_word' id='word_1_169' title='bbox 497 2695 611 2752; x_wconf 85' lang='lat' dir='ltr'><strong>alterius</strong></span> <span class='ocrx_word' id='word_1_170' title='bbox 623 2703 732 2752; x_wconf 89' lang='lat' dir='ltr'><strong>naturae</strong></span> <span class='ocrx_word' id='word_1_171' title='bbox 750 2695 875 2753; x_wconf 90' lang='lat' dir='ltr'><strong>motione</strong></span> <span class='ocrx_word' id='word_1_172' title='bbox 892 2703 1064 2763; x_wconf 85' lang='lat' dir='ltr'><strong>transversa,</strong></span> <span class='ocrx_word' id='word_1_173' title='bbox 1078 2696 1108 2751; x_wconf 93' lang='lat' dir='ltr'><strong>in</strong></span> <span class='ocrx_word' id='word_1_174' title='bbox 1126 2695 1252 2769; x_wconf 79' lang='lat' dir='ltr'><strong>eJusdem</strong></span> 
     </span>
     <span class='ocr_line' id='line_1_20' title="bbox 93 2809 1251 2885; baseline 0.002 -19"><span class='ocrx_word' id='word_1_175' title='bbox 93 2817 203 2867; x_wconf 86' lang='lat' dir='ltr'><strong>naturae</strong></span> <span class='ocrx_word' id='word_1_176' title='bbox 213 2817 324 2867; x_wconf 87' lang='lat' dir='ltr'><strong>motum</strong></span> <span class='ocrx_word' id='word_1_177' title='bbox 336 2810 517 2882; x_wconf 85' lang='lat' dir='ltr'><strong>incurrentia,</strong></span> <span class='ocrx_word' id='word_1_178' title='bbox 531 2810 561 2868; x_wconf 93' lang='lat' dir='ltr'><strong>in</strong></span> <span class='ocrx_word' id='word_1_179' title='bbox 575 2826 662 2884; x_wconf 91' lang='lat' dir='ltr'><strong>eoque</strong></span> <span class='ocrx_word' id='word_1_180' title='bbox 674 2811 809 2869; x_wconf 86' lang='lat' dir='ltr'><strong>baerentia</strong></span> <span class='ocrx_word' id='word_1_181' title='bbox 827 2819 910 2885; x_wconf 93' lang='lat' dir='ltr'><strong>atque</strong></span> <span class='ocrx_word' id='word_1_182' title='bbox 930 2810 1075 2885; x_wconf 88' lang='lat' dir='ltr'><strong>impedita,</strong></span> <span class='ocrx_word' id='word_1_183' title='bbox 1095 2826 1183 2884; x_wconf 90' lang='lat' dir='ltr'><strong>quum</strong></span> <span class='ocrx_word' id='word_1_184' title='bbox 1196 2809 1251 2868; x_wconf 87' lang='lat' dir='ltr'><strong>alia</strong></span> 
     </span>
     <span class='ocr_line' id='line_1_21' title="bbox 94 2924 1252 3003; baseline 0.002 -19"><span class='ocrx_word' id='word_1_185' title='bbox 94 2925 234 3001; x_wconf 88' lang='lat' dir='ltr'><strong>majorem</strong></span> <span class='ocrx_word' id='word_1_186' title='bbox 250 2927 399 2986; x_wconf 84' lang='lat' dir='ltr'><strong>lustrarent</strong></span> <span class='ocrx_word' id='word_1_187' title='bbox 413 2929 521 3002; x_wconf 81' lang='lat' dir='ltr'><strong>orbem,</strong></span> <span class='ocrx_word' id='word_1_188' title='bbox 534 2927 587 2986; x_wconf 93' lang='lat' dir='ltr'><strong>alia</strong></span> <span class='ocrx_word' id='word_1_189' title='bbox 595 2929 741 3000; x_wconf 91' lang='lat' dir='ltr'><strong>minorem,</strong></span> <span class='ocrx_word' id='word_1_190' title='bbox 753 2927 915 3002; x_wconf 89' lang='lat' dir='ltr'><strong>tardiusque</strong></span> <span class='ocrx_word' id='word_1_191' title='bbox 923 2929 1070 3003; x_wconf 89' lang='lat' dir='ltr'><strong>majorem,</strong></span> <span class='ocrx_word' id='word_1_192' title='bbox 1080 2924 1252 2999; x_wconf 89' lang='lat' dir='ltr'><strong>celeriusque</strong></span> 
     </span>
     <span class='ocr_line' id='line_1_22' title="bbox 96 3043 1250 3120; baseline 0 -19"><span class='ocrx_word' id='word_1_193' title='bbox 96 3045 253 3115; x_wconf 85' lang='lat' dir='ltr'><strong>minorem,</strong></span> <span class='ocrx_word' id='word_1_194' title='bbox 267 3054 346 3103; x_wconf 89' lang='lat' dir='ltr'><strong>motu</strong></span> <span class='ocrx_word' id='word_1_195' title='bbox 365 3062 431 3103; x_wconf 84' lang='lat' dir='ltr'><strong>vero</strong></span> <span class='ocrx_word' id='word_1_196' title='bbox 441 3045 524 3104; x_wconf 91' lang='lat' dir='ltr'><strong>unius</strong></span> <span class='ocrx_word' id='word_1_197' title='bbox 538 3045 717 3120; x_wconf 72' lang='lat' dir='ltr'><strong>eiusdemque</strong></span> <span class='ocrx_word' id='word_1_198' title='bbox 734 3053 842 3103; x_wconf 89' lang='lat' dir='ltr'><strong>naturae</strong></span> <span class='ocrx_word' id='word_1_199' title='bbox 858 3063 865 3101; x_wconf 74' lang='grc' dir='ltr'>ι</span> <span class='ocrx_word' id='word_1_200' title='bbox 879 3059 941 3118; x_wconf 87' lang='lat' dir='ltr'><strong>quae</strong></span> <span class='ocrx_word' id='word_1_201' title='bbox 963 3043 1135 3102; x_wconf 85' lang='lat' dir='ltr'><strong>velocissime</strong></span> <span class='ocrx_word' id='word_1_202' title='bbox 1154 3059 1250 3101; x_wconf 84' lang='lat' dir='ltr'><strong>move·</strong></span> 
     </span>
     <span class='ocr_line' id='line_1_23' title="bbox 94 3156 1300 3233; baseline -0.002 -13"><span class='ocrx_word' id='word_1_203' title='bbox 94 3161 210 3232; x_wconf 87' lang='lat' dir='ltr'><strong>bantur,</strong></span> <span class='ocrx_word' id='word_1_204' title='bbox 226 3176 260 3217; x_wconf 90' lang='lat' dir='ltr'><strong>ea</strong></span> <span class='ocrx_word' id='word_1_205' title='bbox 273 3160 413 3219; x_wconf 88' lang='lat' dir='ltr'><strong>celeritate</strong></span> <span class='ocrx_word' id='word_1_206' title='bbox 433 3160 505 3218; x_wconf 86' lang='lat' dir='ltr'><strong>vinci</strong></span> <span class='ocrx_word' id='word_1_207' title='bbox 526 3176 542 3218; x_wconf 95' lang='lat' dir='ltr'><strong>a</strong></span> <span class='ocrx_word' id='word_1_208' title='bbox 561 3159 740 3232; x_wconf 87' lang='lat' dir='ltr'><strong>tardioribus,</strong></span> <span class='ocrx_word' id='word_1_209' title='bbox 756 3168 794 3231; x_wconf 91' lang='lat' dir='ltr'><strong>et,</strong></span> <span class='ocrx_word' id='word_1_210' title='bbox 815 3175 903 3233; x_wconf 91' lang='lat' dir='ltr'><strong>quum</strong></span> <span class='ocrx_word' id='word_1_211' title='bbox 923 3156 1104 3231; x_wconf 88' lang='lat' dir='ltr'><strong>superabant,</strong></span> <span class='ocrx_word' id='word_1_212' title='bbox 1127 3159 1250 3231; x_wconf 88' lang='lat' dir='ltr'><strong>superari</strong></span> <span class='ocrx_word' id='word_1_213' title='bbox 1296 3163 1300 3170; x_wconf 90' lang='lat'>&#39;</span> 
     </span>
     <span class='ocr_line' id='line_1_24' title="bbox 93 3274 1250 3352; baseline -0.003 -14"><span class='ocrx_word' id='word_1_214' title='bbox 93 3278 270 3338; x_wconf 84' lang='lat' dir='ltr'><strong>videbantur.</strong></span> <span class='ocrx_word' id='word_1_215' title='bbox 285 3277 385 3336; x_wconf 90' lang='lat' dir='ltr'><strong>Omnis</strong></span> <span class='ocrx_word' id='word_1_216' title='bbox 399 3278 476 3336; x_wconf 90' lang='lat' dir='ltr'><strong>enirn</strong></span> <span class='ocrx_word' id='word_1_217' title='bbox 487 3278 562 3337; x_wconf 79' lang='lat' dir='ltr'><strong>orbis</strong></span> <span class='ocrx_word' id='word_1_218' title='bbox 580 3294 680 3337; x_wconf 90' lang='lat' dir='ltr'><strong>eorum</strong></span> <span class='ocrx_word' id='word_1_219' title='bbox 694 3277 771 3352; x_wconf 92' lang='lat' dir='ltr'><strong>quasi</strong></span> <span class='ocrx_word' id='word_1_220' title='bbox 787 3276 927 3335; x_wconf 80' lang='lat' dir='ltr'><strong>facilitatis</strong></span> <span class='ocrx_word' id='word_1_221' title='bbox 939 3277 973 3350; x_wconf 78' lang='lat'><strong>(2)</strong></span> <span class='ocrx_word' id='word_1_222' title='bbox 993 3274 1141 3333; x_wconf 80' lang='lat' dir='ltr'><strong>inflexione</strong></span> <span class='ocrx_word' id='word_1_223' title='bbox 1158 3283 1250 3335; x_wconf 63' lang='lat' dir='ltr'><strong>vertea</strong></span> 
     </span>
     <span class='ocr_line' id='line_1_25' title="bbox 92 3392 1252 3471; baseline -0.006 -15"><span class='ocrx_word' id='word_1_224' title='bbox 92 3398 296 3471; x_wconf 77' lang='lat' dir='ltr'><strong>batnrcquam</strong></span> <span class='ocrx_word' id='word_1_225' title='bbox 313 3396 444 3455; x_wconf 84' lang='lat' dir='ltr'><strong>bifariam</strong></span> <span class='ocrx_word' id='word_1_226' title='bbox 465 3393 604 3455; x_wconf 87' lang='lat' dir='ltr'><strong>contrarie</strong></span> <span class='ocrx_word' id='word_1_227' title='bbox 622 3395 705 3454; x_wconf 91' lang='lat' dir='ltr'><strong>simul</strong></span> <span class='ocrx_word' id='word_1_228' title='bbox 727 3393 908 3469; x_wconf 85' lang='lat' dir='ltr'><strong>procedentia</strong></span> <span class='ocrx_word' id='word_1_229' title='bbox 931 3392 1102 3462; x_wconf 78' lang='lat' dir='ltr'><strong>eliciebant,</strong></span> <span class='ocrx_word' id='word_1_230' title='bbox 1125 3400 1155 3450; x_wconf 92' lang='lat' dir='ltr'><strong>ut</strong></span> <span class='ocrx_word' id='word_1_231' title='bbox 1177 3393 1252 3467; x_wconf 93' lang='lat' dir='ltr'><strong>quod</strong></span> 
     </span>
     <span class='ocr_line' id='line_1_26' title="bbox 92 3508 1253 3586; baseline -0.006 -13"><span class='ocrx_word' id='word_1_232' title='bbox 92 3522 168 3573; x_wconf 85' lang='lat' dir='ltr'><strong>esset</strong></span> <span class='ocrx_word' id='word_1_233' title='bbox 179 3512 370 3572; x_wconf 88' lang='lat' dir='ltr'><strong>tardissimum</strong></span> <span class='ocrx_word' id='word_1_234' title='bbox 381 3512 410 3570; x_wconf 91' lang='lat' dir='ltr'><strong>id</strong></span> <span class='ocrx_word' id='word_1_235' title='bbox 425 3513 584 3586; x_wconf 80' lang='lat' dir='ltr'><strong>proximum</strong></span> <span class='ocrx_word' id='word_1_236' title='bbox 600 3508 679 3571; x_wconf 86' lang='lat' dir='ltr'><strong>fleret</strong></span> <span class='ocrx_word' id='word_1_237' title='bbox 697 3511 854 3570; x_wconf 83' lang='lat' dir='ltr'><strong>celerrimo.</strong></span> <span class='ocrx_word' id='word_1_238' title='bbox 869 3515 961 3585; x_wconf 85' lang='lat' dir='ltr'><strong>Atque</strong></span> <span class='ocrx_word' id='word_1_239' title='bbox 981 3518 1011 3567; x_wconf 93' lang='lat' dir='ltr'><strong>ut</strong></span> <span class='ocrx_word' id='word_1_240' title='bbox 1030 3517 1101 3568; x_wconf 91' lang='lat' dir='ltr'><strong>esset</strong></span> <span class='ocrx_word' id='word_1_241' title='bbox 1118 3520 1253 3566; x_wconf 87' lang='lat' dir='ltr'><strong>mensura</strong></span> 
     </span>
     <span class='ocr_line' id='line_1_27' title="bbox 93 3625 1254 3704; baseline -0.003 -17"><span class='ocrx_word' id='word_1_242' title='bbox 93 3629 225 3704; x_wconf 73' lang='lat' dir='ltr'><strong>qondam</strong></span> <span class='ocrx_word' id='word_1_243' title='bbox 237 3629 365 3698; x_wconf 87' lang='lat' dir='ltr'><strong>evidens,</strong></span> <span class='ocrx_word' id='word_1_244' title='bbox 381 3637 444 3703; x_wconf 80' lang='lat' dir='ltr'><strong>quae</strong></span> <span class='ocrx_word' id='word_1_245' title='bbox 461 3630 491 3686; x_wconf 91' lang='lat' dir='ltr'><strong>in</strong></span> <span class='ocrx_word' id='word_1_246' title='bbox 509 3628 569 3686; x_wconf 91' lang='lat' dir='ltr'><strong>istis</strong></span> <span class='ocrx_word' id='word_1_247' title='bbox 582 3639 646 3687; x_wconf 90' lang='lat' dir='ltr'><strong>octo</strong></span> <span class='ocrx_word' id='word_1_248' title='bbox 665 3628 790 3686; x_wconf 88' lang='lat' dir='ltr'><strong>cursibus</strong></span> <span class='ocrx_word' id='word_1_249' title='bbox 809 3628 964 3685; x_wconf 85' lang='lat' dir='ltr'><strong>celeritates</strong></span> <span class='ocrx_word' id='word_1_250' title='bbox 985 3625 1185 3699; x_wconf 86' lang='lat' dir='ltr'><strong>tarditatesque</strong></span> <span class='ocrx_word' id='word_1_251' title='bbox 1203 3625 1254 3683; x_wconf 88' lang='lat' dir='ltr'><strong>de·</strong></span> 
     </span>
    </p>
   </div>
   <div class='ocr_carea' id='block_1_5' title="bbox 92 3740 1254 3841">
    <p class='ocr_par' dir='ltr' id='par_1_5' title="bbox 92 3740 1254 3841">
     <span class='ocr_line' id='line_1_28' title="bbox 92 3740 1254 3841; baseline -0.005 -38"><span class='ocrx_word' id='word_1_252' title='bbox 92 3745 214 3804; x_wconf 86' lang='lat' dir='ltr'><strong>clararet</strong></span> <span class='ocrx_word' id='word_1_253' title='bbox 223 3744 383 3841; x_wconf 75' lang='lat' dir='ltr'><strong>:Deusipse</strong></span> <span class='ocrx_word' id='word_1_254' title='bbox 392 3745 497 3813; x_wconf 88' lang='lat' dir='ltr'><strong>Solem,</strong></span> <span class='ocrx_word' id='word_1_255' title='bbox 509 3744 587 3820; x_wconf 87' lang='lat' dir='ltr'><strong>quasi</strong></span> <span class='ocrx_word' id='word_1_256' title='bbox 595 3745 703 3815; x_wconf 91' lang='lat' dir='ltr'><strong>lumen,</strong></span> <span class='ocrx_word' id='word_1_257' title='bbox 713 3741 840 3801; x_wconf 90' lang='lat' dir='ltr'><strong>accendit</strong></span> <span class='ocrx_word' id='word_1_258' title='bbox 847 3741 883 3799; x_wconf 91' lang='lat' dir='ltr'><strong>ad</strong></span> <span class='ocrx_word' id='word_1_259' title='bbox 892 3740 1046 3800; x_wconf 91' lang='lat' dir='ltr'><strong>secundum</strong></span> <span class='ocrx_word' id='word_1_260' title='bbox 1054 3755 1137 3814; x_wconf 84' lang='lat' dir='ltr'><strong>supra</strong></span> <span class='ocrx_word' id='word_1_261' title='bbox 1147 3749 1254 3798; x_wconf 83' lang='lat' dir='ltr'><strong>terram</strong></span> 
     </span>
    </p>
   </div>
   <div class='ocr_carea' id='block_1_6' title="bbox 91 3858 1255 4173">
    <p class='ocr_par' dir='ltr' id='par_1_6' title="bbox 91 3858 1255 4173">
     <span class='ocr_line' id='line_1_29' title="bbox 93 3858 1253 3936; baseline -0.004 -17"><span class='ocrx_word' id='word_1_262' title='bbox 93 3861 248 3931; x_wconf 87' lang='lat' dir='ltr'><strong>ambitum,</strong></span> <span class='ocrx_word' id='word_1_263' title='bbox 269 3869 300 3919; x_wconf 90' lang='lat' dir='ltr'><strong>ut</strong></span> <span class='ocrx_word' id='word_1_264' title='bbox 320 3878 407 3936; x_wconf 92' lang='lat' dir='ltr'><strong>quam</strong></span> <span class='ocrx_word' id='word_1_265' title='bbox 425 3862 546 3921; x_wconf 84' lang='lat' dir='ltr'><strong>maxime</strong></span> <span class='ocrx_word' id='word_1_266' title='bbox 563 3862 665 3921; x_wconf 85' lang='lat' dir='ltr'><strong>ctelum</strong></span> <span class='ocrx_word' id='word_1_267' title='bbox 686 3861 816 3919; x_wconf 90' lang='lat' dir='ltr'><strong>omnibus</strong></span> <span class='ocrx_word' id='word_1_268' title='bbox 836 3859 1001 3929; x_wconf 81' lang='lat' dir='ltr'><strong>collucetet,</strong></span> <span class='ocrx_word' id='word_1_269' title='bbox 1024 3858 1253 3931; x_wconf 82' lang='lat' dir='ltr'><strong>animantesque,</strong></span> 
     </span>
     <span class='ocr_line' id='line_1_30' title="bbox 92 3977 1253 4056; baseline -0.007 -19"><span class='ocrx_word' id='word_1_270' title='bbox 92 3980 195 4056; x_wconf 85' lang='lat' dir='ltr'><strong>quibus</strong></span> <span class='ocrx_word' id='word_1_271' title='bbox 202 3980 250 4054; x_wconf 88' lang='lat' dir='ltr'><strong>jus</strong></span> <span class='ocrx_word' id='word_1_272' title='bbox 263 3988 338 4038; x_wconf 84' lang='lat' dir='ltr'><strong>esset</strong></span> <span class='ocrx_word' id='word_1_273' title='bbox 350 3980 455 4055; x_wconf 82' lang='lat' dir='ltr'><strong>doceri,</strong></span> <span class='ocrx_word' id='word_1_274' title='bbox 467 3983 501 4041; x_wconf 88' lang='lat' dir='ltr'><strong>ab</strong></span> <span class='ocrx_word' id='word_1_275' title='bbox 514 3981 637 4056; x_wconf 88' lang='lat' dir='ltr'><strong>ejusdem</strong></span> <span class='ocrx_word' id='word_1_276' title='bbox 650 3989 741 4053; x_wconf 91' lang='lat' dir='ltr'><strong>motu,</strong></span> <span class='ocrx_word' id='word_1_277' title='bbox 756 3991 784 4038; x_wconf 92' lang='lat' dir='ltr'><strong>et</strong></span> <span class='ocrx_word' id='word_1_278' title='bbox 797 3980 832 4037; x_wconf 91' lang='lat' dir='ltr'><strong>ab</strong></span> <span class='ocrx_word' id='word_1_279' title='bbox 849 3995 892 4050; x_wconf 92' lang='lat' dir='ltr'><strong>eo,</strong></span> <span class='ocrx_word' id='word_1_280' title='bbox 909 3978 984 4053; x_wconf 92' lang='lat' dir='ltr'><strong>quod</strong></span> <span class='ocrx_word' id='word_1_281' title='bbox 997 3977 1088 4034; x_wconf 91' lang='lat' dir='ltr'><strong>slmile</strong></span> <span class='ocrx_word' id='word_1_282' title='bbox 1100 3981 1253 4040; x_wconf 53' lang='lat' dir='ltr'><strong>essct,⁴nu÷</strong></span> 
     </span>
     <span class='ocr_line' id='line_1_31' title="bbox 91 4088 1255 4173; baseline -0.009 -16"><span class='ocrx_word' id='word_1_283' title='bbox 91 4104 239 4157; x_wconf 86' lang='lat' dir='ltr'><strong>merorum</strong></span> <span class='ocrx_word' id='word_1_284' title='bbox 250 4104 379 4157; x_wconf 87' lang='lat' dir='ltr'><strong>naturam</strong></span> <span class='ocrx_word' id='word_1_285' title='bbox 391 4099 501 4172; x_wconf 83' lang='lat' dir='ltr'><strong>uimque</strong></span> <span class='ocrx_word' id='word_1_286' title='bbox 512 4107 720 4173; x_wconf 87' lang='lat' dir='ltr'><strong>cognoscerent.</strong></span> <span class='ocrx_word' id='word_1_287' title='bbox 729 4100 792 4156; x_wconf 79' lang='lat' dir='ltr'><strong>Nox</strong></span> <span class='ocrx_word' id='word_1_288' title='bbox 803 4097 887 4170; x_wconf 91' lang='lat' dir='ltr'><strong>igitur</strong></span> <span class='ocrx_word' id='word_1_289' title='bbox 898 4103 928 4155; x_wconf 92' lang='lat' dir='ltr'><strong>et</strong></span> <span class='ocrx_word' id='word_1_290' title='bbox 937 4096 996 4154; x_wconf 90' lang='lat' dir='ltr'><strong>dies</strong></span> <span class='ocrx_word' id='word_1_291' title='bbox 1008 4094 1127 4153; x_wconf 90' lang='lat' dir='ltr'><strong>adhunc</strong></span> <span class='ocrx_word' id='word_1_292' title='bbox 1138 4088 1255 4147; x_wconf 88' lang='lat' dir='ltr'><strong>modum</strong></span> 
     </span>
    </p>
   </div>
   <div class='ocr_carea' id='block_1_7' title="bbox 128 4355 934 4514">
    <p class='ocr_par' dir='ltr' id='par_1_7' title="bbox 128 4355 934 4514">
     <span class='ocr_line' id='line_1_32' title="bbox 128 4355 934 4428; baseline -0.001 -19"><span class='ocrx_word' id='word_1_293' title='bbox 128 4359 165 4427; x_wconf 86' lang='grc'><strong>(1)</strong></span> <span class='ocrx_word' id='word_1_294' title='bbox 181 4358 373 4411; x_wconf 80' lang='lat' dir='ltr'><strong>Concurentione</strong></span> <span class='ocrx_word' id='word_1_295' title='bbox 382 4355 491 4428; x_wconf 79' lang='lat' dir='ltr'><strong>(Orelli);</strong></span> <span class='ocrx_word' id='word_1_296' title='bbox 504 4385 536 4398; x_wconf 93' lang='lat'><strong>···</strong></span> <span class='ocrx_word' id='word_1_297' title='bbox 547 4358 708 4411; x_wconf 82' lang='lat' dir='ltr'><strong>concursione</strong></span> <span class='ocrx_word' id='word_1_298' title='bbox 719 4357 762 4424; x_wconf 83' lang='grc' dir='ltr'><strong>(Η.</strong></span> <span class='ocrx_word' id='word_1_299' title='bbox 775 4356 934 4426; x_wconf 69' lang='lat' dir='ltr'><strong>Stephannsls</strong></span> 
     </span>
     <span class='ocr_line' id='line_1_33' title="bbox 129 4432 654 4514; baseline -0.004 -16"><span class='ocrx_word' id='word_1_300' title='bbox 129 4444 168 4513; x_wconf 81' lang='lat'><strong>(2)</strong></span> <span class='ocrx_word' id='word_1_301' title='bbox 183 4432 277 4500; x_wconf 68' lang='lat' dir='ltr'><strong>lleiicis&#39;</strong></span> <span class='ocrx_word' id='word_1_302' title='bbox 287 4443 391 4514; x_wconf 84' lang='lat' dir='ltr'><strong>(Orelli),</strong></span> <span class='ocrx_word' id='word_1_303' title='bbox 404 4459 456 4496; x_wconf 87' lang='lat' dir='ltr'><strong>uon</strong></span> <span class='ocrx_word' id='word_1_304' title='bbox 467 4443 532 4512; x_wconf 87' lang='lat' dir='ltr'><strong>jure,</strong></span> <span class='ocrx_word' id='word_1_305' title='bbox 545 4453 654 4513; x_wconf 81' lang='lat' dir='ltr'><strong>utputo.</strong></span> 
     </span>
    </p>
   </div>
   <div class='ocr_carea' id='block_1_8' title="bbox 0 0 1411 4770">
    <p class='ocr_par' dir='ltr' id='par_1_8' title="bbox 0 0 1411 4770">
     <span class='ocr_line' id='line_1_34' title="bbox 0 0 1411 4770; baseline 0 0"><span class='ocrx_word' id='word_1_306' title='bbox 0 0 1411 4770; x_wconf 95' lang='lat' dir='ltr'><strong> </strong></span> 
     </span>
    </p>
   </div>
  </div>
 </body>
</html>
