2790 4770
654 252 872 346 -olo-¹

177 433 276 494 quum
297 423 458 479 contrariis
476 425 671 498 opponuntur
691 420 856 496 contrariu,
884 435 1051 481 numerum
1076 419 1259 480 oratorium
1283 437 1338 481 ne-

156 568 162 581 .
177 523 324 586 cessitate
338 523 404 603 ipsa
428 524 581 603 eliciunt,
597 532 630 590 et
642 545 716 590 eum
731 527 799 589 sine
813 526 978 590 industria.

219 631 292 708 Cap.
311 632 346 691 51
367 650 373 691 :
403 632 465 694 Sed
487 631 584 695 habet
609 651 726 696 nomen
751 631 916 709 invidiam,
937 649 1038 712 quum
1053 632 1086 692 in
1099 632 1281 694 orationem
1293 632 1342 712 ju·

181 735 286 798 diciali
300 738 459 800 ellorensi
475 758 619 802 numerus
636 740 743 817 latine,
765 741 873 803 Graece
888 761 903 798 u
913 738 1039 819 Ῥυθμός,
1053 762 1067 799 n
1085 740 1193 802 inesse
1209 742 1339 803 dicitur.

220 845 295 923 Gap.
319 846 357 906 aa
382 864 443 906 :-
534 848 573 908 El
597 864 643 922 ea,
661 865 735 927 quac
751 847 1066 909 dicuuturorctiouis
1081 847 1175 926 quasi
1192 845 1303 921 serinac
1316 852 1343 908 ct

180 953 309 1029 luminu,
325 973 398 1034 quas
415 957 461 1034 (ut
475 954 551 1037 dixi)
565 959 665 1019 Gcaeci
675 964 791 1020 vocant
803 979 818 1014 u
831 955 979 1038 Σχήματα.
995 979 1010 1016 a

222 1053 295 1140 Cap.
313 1065 350 1124 55
368 1082 375 1123 ε
396 1097 436 1107 -
500 1064 699 1143 Maximeque
719 1063 751 1126 id
770 1064 803 1125 in
819 1065 941 1144 optimo
957 1081 1086 1144 quoque
1102 1081 1218 1126 eorum
1233 1068 1342 1144 poeta·-

182 1186 266 1244 rnm‚
283 1170 339 1248 qui
357 1192 371 1229 u
388 1170 498 1252 llupool
511 1192 526 1228 u
545 1174 692 1235 aGraecis
705 1173 922 1235 nominantur.

222 1277 296 1354 Gap.
312 1280 350 1338 57
378 1296 384 1338 :
401 1312 441 1322 —
458 1279 629 1340 Troclaeum
654 1285 773 1355 autem,
791 1280 847 1360 qui
862 1285 910 1342 est
931 1280 1046 1341 eodem
1059 1278 1175 1359 spatio,
1194 1297 1261 1359 quo
1274 1279 1342 1339 cluo-

183 1401 262 1458 rcus‚
283 1405 298 1441 u
318 1384 473 1465 Κόρδακα»
493 1389 632 1466 appellat
644 1388 862 1467 (Aristoteles),
879 1387 954 1467 quia
966 1388 1143 1450 contractio
1159 1393 1193 1449 et
1205 1386 1345 1449 brevitas

183 1490 370 1570 dignitalem
384 1509 447 1552 non
468 1491 593 1554 habeat.
1189 1498 1192 1503 ’

225 1599 297 1677 Cap.
315 1601 364 1659 61.
389 1600 424 1660 ln
444 1618 509 1679 quo
521 1600 689 1679 quaesitum
702 1607 760 1677 est,
784 1602 816 1662 in
831 1607 941 1664 totoue
954 1601 1089 1663 circuitu
1110 1600 1169 1662 illo
1184 1604 1342 1675 orationis,

184 1724 281 1786 quem
302 1705 403 1768 Graeei
426 1728 440 1762 u
464 1700 592 1786 Περίοδον
606 1727 622 1764 u
646 1705 707 1769 nos'
725 1714 795 1770 tum
816 1708 973 1786 ambitum,
996 1715 1065 1770 tum
1080 1688 1259 1785 ciccuttom,
1275 1716 1344 1771 tum

181 1806 485 1895 'comprehensionem
512 1819 567 1875 aut
592 1819 862 1890 continuationem,
888 1822 944 1879 aut
962 1816 1277 1896 circumscriptionem
1299 1815 1346 1876 di·

184 1921 322 1983 cimus..

225 2029 299 2106 Gap.
325 2030 374 2101 61,
391 2027 501 2088 ibidem
517 2046 527 2088 :
548 2060 588 2072 -
612 2028 693 2107 lingo
717 2027 749 2088 in
764 2028 845 2105 aliis,
871 2027 966 2091 idest
984 2028 1017 2089 in
1030 2027 1176 2106 historia,
1194 2033 1228 2091 et
1247 2029 1282 2089 in
1296 2046 1343 2104 eo,

184 2134 271 2214 quod
285 2133 482 2213 appellamus
510 2156 525 2192 n
537 2134 732 2194 Ἐπιδεικτικόν
754 2135 807 2215 (l),
828 2136 962 2215 »placet
976 2135 1083 2197 omnia
1098 2134 1162 2197 dici
1186 2137 1346 2198 Isocrateo

184 2241 475 2320 Theopompeoque
500 2258 598 2314 more,
616 2240 669 2303 illa
691 2241 988 2321 circumscriptione
1003 2241 1208 2322 ambituque,
1225 2248 1263 2305 ut
1276 2246 1344 2304 tan·

185 2365 280 2426 qnam
295 2347 327 2407 in
347 2347 424 2410 orbe
448 2348 569 2409 inclusa
592 2354 699 2410 currat
713 2347 825 2423 oratio,
840 2350 925 2429 quod
943 2349 1066 2411 insistat
1078 2349 1111 2410 in
1123 2347 1264 2428 singulis
1278 2367 1345 2429 per-

185 2454 275 2516 lectis
286 2453 502 2534 absolutisque
519 2456 694 2518 sententiis.
1009 2460 1012 2464 ’

226 2562 300 2638 Cap.
317 2564 356 2622 62
372 2579 379 2622 ε
395 2595 436 2605 -
457 2564 536 2622 Nam
560 2580 660 2642 quum
684 2563 726 2624 sis
741 2561 790 2625 his
810 2563 887 2625 loeis
913 2581 1000 2639 usus,
1023 2560 1140 2642 quibus
1164 2562 1295 2625 ostendi
1313 2562 1345 2623 li·

186 2685 268 2743 cere,
292 2669 509 2729 transferenda
532 2674 597 2731 tola
614 2670 712 2732 dictio
731 2675 778 2732 est
802 2670 841 2732 ad
857 2670 922 2746 illa,
940 2688 1012 2749 queo
1028 2669 1136 2731 neseio
1156 2688 1228 2744 cur,
1244 2687 1343 2749 quum

187 2778 293 2837 Greece
309 2775 444 2852 Κόμματα
466 2780 498 2836 et
524 2777 604 2834 Κῶλα
619 2777 797 2851 nominent,
819 2795 882 2838 non
898 2783 985 2839 recte
998 2777 1093 2837 incisu
1106 2782 1137 2838 et
1151 2775 1287 2837 iuuenum
1300 2776 1344 2836 di·

185 2901 303 2946 camus.

230 2993 333 3060 Orat..
351 3009 419 3069 cap.
443 2994 481 3051 63
511 3009 518 3050 :
546 3023 585 3033 —
611 2989 729 3050 lnsislit
751 2995 856 3050 autem
878 2988 1015 3051 ambitus
1033 2987 1136 3050 modis
1150 2989 1343 3067 pluribus‚e

185 3099 304 3176 qulbus
333 3115 432 3159 unum
456 3103 502 3158 est
516 3103 624 3158 secuta
640 3097 712 3158 Asia
733 3097 882 3174 maxime,
900 3098 952 3177 qui
981 3119 995 3154 u
1010 3100 1145 3177 Διχορεῖος
1162 3117 1179 3155 u
1198 3103 1341 3172 vocatur,

188 3222 289 3282 quum
315 3204 376 3264 cluo
400 3207 531 3263 calceant
555 3203 658 3265 clocci
682 3209 766 3279 sunt,
795 3203 827 3264 id
851 3209 908 3280 est,
926 3221 942 3266 e
958 3204 1089 3284 singulis
1107 3204 1210 3284 longis
1225 3203 1341 3267 elbre-

186 3313 286 3376 vibus

228 3422 358 3499 Capiti
384 3438 391 3480 :
415 3452 454 3463 -
473 3419 578 3481 Prima
605 3426 677 3481 sunt
699 3420 752 3482 illa
771 3421 846 3496 duo,
866 3438 937 3499 quae
955 3442 969 3479 u
987 3418 1154 3498 Κόμμὰτα»
1175 3420 1279 3482 Graeci
1293 3438 1344 3482 vo-

188 3534 269 3603 canl‚
286 3545 343 3588 nos
359 3527 456 3587 tucisc
470 3525 619 3601 dicimus3
645 3527 761 3588 deinde
778 3527 918 3601 tertium,
939 3529 1088 3587 «Κῶλον»
1106 3526 1164 3602 illi,
1183 3545 1242 3588 nos
1254 3545 1343 3588 mem·

187 3635 287 3695 branc.

228 3743 301 3821 Gap.
327 3742 388 3803 68:
415 3774 453 3783 -
475 3740 581 3818 ltaque
606 3741 707 3818 qualis
727 3758 837 3802 eorum
858 3745 973 3814 motus,
989 3757 1068 3819 quos
1083 3761 1098 3798 c
1113 3739 1343 3821 ἀπαλαίστρους»

185 3848 285 3911 Gcaeei
299 3852 422 3922 vocant,
446 3848 516 3908 talis
529 3847 644 3907 horum
668 3846 744 3908 mihi
758 3847 885 3909 videtur
906 3846 1017 3923 oratio,
1037 3846 1171 3925 quinon
1193 3847 1344 3908 claudunt

184 3955 326 4018 numeris
347 3955 556 4017 sententias...

218 4300 253 4363 (1)
273 4298 338 4347 Dixit
351 4297 415 4346 idem
427 4296 511 4346 Cicero
523 4295 623 4360 (lucent.
637 4291 659 4357 l,
671 4294 711 4359 5):
724 4314 735 4338 n
750 4294 971 4345 Demonstratisum
983 4310 1056 4360 gemis
1071 4293 1216 4359 (orafionis).
1231 4317 1243 4339 s
