2790 4770
534 263 736 330 -187-

413 432 416 437 ’
474 464 712 535 Arist.,1tlet.,lll‚
727 469 790 530 se.

110 588 151 658 Οἱ
176 589 231 682 μὲν
256 585 307 656 οὖν
334 581 424 654 ἄλλοι
448 577 503 652 διαί
523 611 557 680 γε
585 583 624 652 τὰ
653 581 794 677 εἰρημένα
816 581 953 673 ἀφετέοι,
976 575 1028 644 καὶ
1050 567 1133 643 διότι
1161 595 1214 664 με·

58 711 161 806 spissi
175 719 214 780 ’ὁ
232 704 251 778 δ
256 711 270 779 ὲ
288 708 383 779 παιὰν
408 711 555 785 ληπτέος.
571 742 625 754 -
641 711 774 777 Deinde·
790 737 844 750 -
861 685 939 770 ficet
957 691 992 767 δὲ
1011 701 1138 774 παιᾶνος
1157 684 1213 760 δίο

52 832 123 916 εἴδη
151 835 524 931 ἀντικείμεναάλλήλοις,
552 831 592 901 ὧν
621 833 729 926 τὸμὲν
750 836 778 900 ἐν
807 831 885 925 ἀρχῇ
918 827 1083 922 ἁρμόττει,
1112 826 1212 912 ὥσπερ

54 965 108 1034 καὶ
124 972 281 1058 χρῶνται·
302 959 387 1040 οὗτος
414 953 441 1028 δ’
462 959 556 1049 ἐστὶν,
576 958 610 1028 οὗ
632 956 719 1053 ἄρχει
741 957 795 1051 μὲν
817 964 835 1033 ἡ
854 951 969 1050 μακρὰ,
990 954 1155 1020 τελευτῶσι
1178 937 1214 1013 δὲ

56 1095 139 1183 τρεῖς
158 1090 320 1181 βραχεῖαι·
339 1089 439 1180 ἔτερος
456 1076 486 1151 δ’
507 1078 541 1163 ἐξ
559 1083 708 1170 ἐναντίας,
728 1082 763 1153 οὗ
785 1087 926 1179 βραχεῖαι
947 1078 1075 1177 ἄρχουσι
1088 1079 1212 1172 τρεῖς,ἣ

57 1206 93 1282 δὲ
112 1210 217 1307 μακρὰ
232 1212 407 1283 τελευταία.
421 1209 524 1290 Οὗτος
542 1202 577 1278 δὲ
596 1213 743 1286 τελευτὴν
765 1217 854 1278 ποιεῖ.
955 1234 957 1238 ·

442 1387 506 1450 cic,
519 1386 551 1437 de
566 1392 644 1448 Orat„
658 1382 701 1449 111,
712 1404 764 1454 cap.
778 1391 821 1439 Al.

92 1489 232 1549 Probatur
243 1493 337 1549 autem
349 1490 492 1549 abeodem
503 1491 551 1548 illo
563 1491 735 1560 (Aristotele)
750 1490 874 1547 maxime
882 1503 981 1562 paeon3
992 1483 1041 1559 qui
1051 1491 1095 1541 est
1103 1480 1217 1553 duplex.

54 1584 130 1639 Nam
142 1588 215 1636 auta
229 1579 312 1653 longa
325 1579 427 1652 oritur,
438 1595 522 1655 quam
532 1587 588 1637 tres
600 1580 698 1637 breves
707 1585 940 1652 consequuntur..
951 1615 976 1634 ..
992 1580 1076 1631 Auta
1089 1569 1218 1628 brevibus

55 1670 190 1743 deinceps
202 1669 302 1738 tribus,
318 1677 443 1727 extrema
457 1668 593 1743 producta
608 1668 848 1742 aqualonga...

92 1762 225 1832 -Atque
234 1758 273 1815 illi
286 1758 451 1832 philosopho
462 1757 547 1815 ordiri
556 1757 673 1831 placeta
684 1757 826 1832 superiore
835 1770 944 1830 paeone,
960 1751 1113 1826 posteriore
1124 1747 1215 1806 finire.

466 2104 549 2166 Arist,
564 2102 656 2166 Βατία,
672 2103 702 2166 ll,
719 2111 742 2164 6,
760 2107 799 2180 ¹9.-

113 2209 231 2317 ὀμειον
260 2220 371 2292 οὖντὸ
401 2215 503 2301 ἀξιοῦν
527 2221 579 2290 καὶ
598 2223 665 2317 περὶ
692 2225 730 2290 τὸ
754 2213 870 2290 ἀδικεῖν
893 2214 946 2290 καὶ
977 2203 1135 2287 δειλαίνειν
1165 2217 1219 2284 καὶ

60 2346 296 2416 ἀκολασταίνειν
325 2338 399 2414 εἶναι
429 2345 591 2438 μεσότητα
613 2347 664 2415 καὶ
695 2341 867 2440 despicite
900 2345 952 2414 καὶ
984 2341 1129 2436 ἔλλειψιν.
1163 2342 1237 2390 -’

58 2476 159 2542 Paulo
176 2493 249 2541 ante
267 2475 394 2565 (utha,
414 2477 457 2554 ll,
480 2464 512 2555 6,
534 2475 598 2563 18).
620 2469 731 2540 Παίντα
750 2470 808 2568 γὰρ
824 2484 924 2542 ταῦτα
945 2474 997 2541 καὶ
1021 2471 1061 2540 τὰ
1084 2480 1215 2539 τοιαῦτα

57 2599 182 2689 λέγεται
198 2607 244 2685 τῷ
259 2592 341 2663 αὐτὰ
362 2595 467 2687 φαῦλα
495 2591 583 2682 εἶναι,
602 2595 670 2664 ἀλλ’
692 2600 750 2690 οὐχ
772 2599 803 2697 oti
819 2592 988 2693 ὑπερὸολαὶ
1013 2600 1127 2686 αὐτῶν,
1146 2589 1218 2667 οὐδὲ

60 2723 93 2794 αἱ
108 2721 266 2815 ἐλλείψεις.
564 2788 567 2793 .

437 2818 499 2878 cie,
517 2816 657 2880 Tusculum,
673 2816 714 2880 lv,
730 2835 783 2888 cap.
803 2820 843 2872 18.

96 2928 289 3003 Quamobrem
303 2928 372 2987 nihil
388 2929 520 2998 interest,
538 2937 632 2985 utrum
649 2929 810 2987 moderatas
819 2929 1043 3003 perturbationes
1052 2925 1218 3001 approbent,
1273 2978 1275 2982 A

59 3037 97 3077 an
117 3017 293 3076 moderatam
309 3018 491 3093 injustitiam,
512 3019 688 3076 moderatam
707 3019 864 3094 ignaviam,
886 3017 1060 3075 moderatam
1082 3017 1218 3088 intempe-

60 3108 194 3166 rantiam.
216 3139 247 3150 —
267 3109 360 3165 Paulo
377 3114 458 3165 cote.
469 3140 504 3150 -
516 3107 660 3180 AEgritudo
682 3119 792 3180 autem,
809 3117 965 3182 ceteraeque
981 3105 1219 3181 perturbationes,

59 3197 240 3272 amplificatae
254 3207 329 3257 certe
343 3195 479 3271 pestiferae
493 3205 568 3256 suut.

103 3511 165 3574 llio
179 3510 459 3575 transcribendum
475 3530 542 3575 esse
557 3518 635 3592 puto
660 3513 746 3577 huno
768 3515 875 3577 locum
899 3512 1060 3576 Ciceronis
1077 3511 1130 3592 (de
1150 3513 1219 3574 Nat.

60 3621 173 3691 Dece,
198 3620 235 3694 ΙΙ,
251 3620 301 3702 37)
317 3638 353 3682 ex
380 3620 551 3684 Aristotele
577 3641 775 3700 conversum,
804 3623 948 3705 quemvis
973 3627 1081 3686 Graeca
1096 3622 1221 3688 deside-

59 3730 175 3787 rentur
192 3743 200 3785 :

107 3833 171 3894 «Si
193 3838 309 3909 essent,
331 3832 435 3914 inquil
449 3833 683 3916 (Aristoteles),
703 3835 756 3916 qui
778 3837 836 3899 sub
860 3843 944 3898 terra
960 3853 1088 3916 semper
1102 3834 1222 3899 habila-

63 3937 222 4017 avissent,
238 3938 330 4002 bouis
345 3945 376 4003 et
389 3927 566 4003 illustribus
581 3941 764 4019 domiciliis,
784 3962 857 4024 quae
873 3949 977 4005 essent
999 3949 1109 4004 ornata
1123 3940 1220 4021 signis

63 4051 190 4126 eatque
204 4043 350 4125 picturis,
378 4044 595 4127 instructaque
623 4049 717 4110 rebus
741 4048 779 4110 iis
804 4048 964 4126 omnihus,
991 4048 1106 4129 quibus
1125 4049 1222 4110 ubuu-

63 4153 175 4214 «dant
197 4149 231 4229 ii,
248 4149 303 4232 qui
325 4150 408 4215 beati
433 4139 596 4232 putantur,
614 4173 672 4232 nee
691 4161 798 4220 tamen
815 4156 953 4220 exissent
966 4174 1108 4237 unquam
1125 4173 1221 4234 supra

63 4268 232 4339 «terrem,
248 4262 446 4345 accepissent
456 4269 564 4328 autem
578 4266 661 4328 fama
681 4272 712 4330 et
723 4267 886 4331 auditione
901 4286 969 4330 esse
991 4267 1153 4347 quoddam
1166 4282 1221 4326 nu·
1264 4270 1267 4274 ’
