2790 4770
674 379 893 440 -192-‘

585 553 705 620 Epicurus
716 553 792 621 (apud
806 554 949 620 Laenium).

315 667 424 740 [Ιάσας
441 652 475 727 δὲ
491 659 546 740 τὰς
560 658 693 755 ψυχικὰς
709 654 820 741 ἡδονὰς
837 670 889 730 καὶ
901 655 1076 756 ἀλγηδόνας
1091 661 1141 728 ἐπὶ
1155 667 1352 751 σωματικαῖς

192 779 315 865 ἡδοναῖς
333 786 385 853 καὶ
398 777 549 880 ἀλγηδόσι
561 785 731 880 γίγνεσθαι.
745 820 799 833 ·-
810 789 971 857 Continuo
987 799 1072 878 post.
1090 785 1153 850 Τὸν
1164 793 1238 879 γοῦν
1252 783 1357 875 σάρκα·

192 913 230 980 τὸ
249 912 345 1004 παρὸν
365 911 457 1004 μόνον
484 904 699 1003 σχηματίζειν,
722 915 778 986 τὴν
810 904 845 978 δὲ
868 906 966 1004 ψυχὴν
993 907 1046 977 καὶ
1067 909 1104 976 τὸ
1125 906 1281 1002 ’παρελθὸν
1302 906 1353 973 καὶ

193 1040 228 1105 τὸ
248 1037 357 1134 παρύν.

593 1139 658 1202 Cia,
673 1137 705 1188 de
722 1139 791 1202 Fir„
806 1139 826 1201 l,
842 1154 895 1207 cup.
914 1144 951 1192 tt.

225 1234 319 1290 Animi
334 1241 427 1290 autem
442 1235 596 1306 voluptates
608 1242 635 1291 et
647 1233 757 1291 dotores
769 1234 844 1291 nasci
861 1232 984 1291 fatemur
997 1246 1012 1288 e
1025 1231 1151 1302 corporis
1162 1226 1355 1300 voluptatibus

193 1329 221 1378 et
235 1320 384 1379 doloribus.
393 1321 531 1380 -Paulo
547 1329 624 1396 post.
637 1354 672 1364 -
681 1325 741 1380 Nec
753 1324 788 1380 ob
799 1339 861 1380 eam
872 1338 985 1379 causam
997 1338 1053 1378 nou
1064 1321 1152 1377 mutto
1161 1319 1284 1392 majores
1297 1332 1355 1375 esse

194 1418 223 1466 et
240 1409 392 1492 voluptates
415 1419 443 1467 et
463 1409 574 1468 dotores
592 1411 697 1482 animi,
713 1426 799 1484 qoam
822 1410 956 1483 corporis.
980 1413 1053 1467 Nam
1073 1423 1188 1480 corpore
1203 1406 1286 1474 nihii,
1302 1406 1354 1462 nisi

196 1515 318 1572 praesens
333 1507 361 1556 et
375 1499 447 1573 quod
460 1499 548 1571 adest,
565 1500 668 1556 sentire
681 1516 830 1573 possumus
843 1518 850 1555 t
865 1499 959 1556 auimo
972 1506 1065 1556 autem
1077 1503 1105 1555 et
1117 1497 1259 1571 praeterita
1271 1503 1301 1553 et
1312 1494 1355 1552 fu·

193 1596 267 1644 tura.

743 1690 811 1702 ...—

628 1847 707 1914 Epio.‚
721 1835 807 1898 Select.
822 1859 921 1898 serrtent.

252 1961 385 2047 Βραχεῒα
405 1964 490 2046 σορῷ
515 1957 592 2046 τύχη
615 1954 839 2049 παρεμπίπτει.
868 1956 917 2023 Τὰ
941 1947 976 2024 δὲ
1002 1958 1134 2050 μέγιστα
1160 1959 1213 2025 καὶ
1245 1964 1357 2048 κυριώ-

199 2107 281 2148 τατα
301 2085 317 2147 ὁ
338 2083 485 2174 λογισμὸς
505 2071 621 2166 διώκει,
644 2083 695 2147 κκὶ
717 2078 799 2147 κατὰ
826 2082 879 2148 τὸν
902 2091 1014 2174 συνεχῆ
1037 2080 1145 2175 χρόνον
1173 2073 1291 2149 διοικεῖ
1308 2085 1358 2149 καὶ

199 2196 357 2281 διοικίσει.
374 2238 427 2249 --
445 2208 546 2276 Paulo
561 2218 646 2296 post.
671 2189 700 2270 O
722 2201 844 2299 ἀπειρος
866 2207 976 2299 χρόνος
993 2205 1060 2280 ίσην
1080 2200 1143 2299 ἔχει
1160 2207 1219 2280 τὴν
1238 2199 1354 2282 ἡδονὴν

199 2329 251 2398 καὶ
267 2336 283 2397 ὁ
300 2332 544 2424 πεπερασμένος.

500 2503 502 2505 ,
584 2460 649 2519 (tic,
663 2457 695 2508 de
709 2460 778 2522 rin„
793 2459 813 2520 Ι,
830 2476 882 2526 cap.
900 2463 939 2510 19.

233 2550 344 2629 Optime
354 2565 416 2606 vero
427 2551 562 2621 Epicurus
570 2550 646 2624 quod
658 2571 671 2605 tt
678 2552 808 2626 exiguam
818 2553 886 2609 dicit
896 2552 1039 2608 fortunam
1049 2553 1217 2609 intervenire
1224 2553 1359 2626 sapienti,

198 2639 387 2711 lacrimasque
397 2638 430 2694 ab
441 2655 473 2695 eo
486 2648 513 2695 et
528 2641 705 2713 gravissimas
714 2658 758 2697 res
766 2641 882 2698 consitio
896 2641 979 2717 ipsius
990 2650 1019 2698 et
1030 2642 1138 2698 ratione
1149 2641 1357 2709 administrari;

198 2744 287 2801 neque
307 2728 444 2801 majorem
466 2729 641 2801 voluptatem
664 2746 697 2787 ex
724 2730 831 2786 intinito
855 2739 981 2801 tempore
1014 2731 1104 2788 aetatis
1126 2730 1230 2803 percipi
1266 2747 1356 2802 posse,

198 2832 284 2888 quum
298 2832 331 2872 ex
344 2816 397 2872 hoc
412 2817 678 2890 percipiatur‚.qnod
693 2817 834 2874 videamus
848 2832 907 2874 esse
920 2817 1038 2874 finitum.
1049 2819 1201 2882 u-Idem,
1211 2818 1261 2874 tib.
1276 2820 1313 2874 tt.
1324 2848 1358 2858 -

199 2907 287 2977 Negat
309 2904 447 2979 Epicurus
467 2905 679 2962 diuturnitatem
701 2907 814 2978 quidem
835 2907 971 2978 temporis
992 2907 1027 2963 ad
1048 2908 1129 2964 beate
1143 2906 1296 2962 vivendum
1309 2907 1359 2962 ati·

197 2994 263 3068 quid
272 2995 389 3066 aiserre3
402 3012 455 3052 nec
466 2996 605 3052 minorem
615 2996 787 3068 voluptatem
804 2996 907 3068 percipi
920 2996 949 3051 in
962 2997 1097 3054 brevitate
1114 2995 1261 3068 temporis,
1276 3011 1358 3069 quam

201 3086 223 3141 si
240 3085 285 3142 itta
300 3085 336 3142 sit
350 3085 528 3158 sempiterna.

679 3343 761 3409 apte,
775 3329 870 3392 ιηιηηη.
918 3416 919 3419 ρ

187 3530 189 3533 ,
255 3464 323 3528 Οὐκ
338 3459 374 3534 ἦν
391 3461 426 3526 τὸ
451 3455 639 3550 φούούμενον
664 3462 749 3526 λύειν
767 3461 841 3551 ὑπὲρ
865 3467 928 3526 τῶν
948 3459 1166 3552 κυριωτάτων,
1189 3464 1232 3553 μὴ
1254 3487 1361 3530 κατει·

192 3578 283 3671 ,δύτα
298 3584 342 3663 τίς
362 3590 380 3658 ἠ
407 3592 463 3649 τοῦ
486 3585 665 3675 σύμπαντος
685 3587 784 3676 φύσις.
802 3620 856 3633 -
878 3588 968 3656 Idem
983 3588 1074 3656 alibi.
1096 3585 1134 3650 Εἰ
1153 3575 1253 3678 μηδὲν
1281 3591 1363 3677 ἡμᾶς

201 3715 231 3780 αἱ
251 3713 323 3802 ὑπὲρ
345 3717 407 3775 τῶν
431 3709 589 3799 μετεώρων
609 3705 739 3799 ὑποψίαι
755 3710 918 3802 ἠ’νύχλουν,
936 3712 983 3776 ἔτι
1004 3707 1044 3777 τὰ
1063 3709 1132 3803 περὶ
1148 3709 1288 3778 θανάτου
1311 3709 1364 3777 καὶ

201 3827 392 3932 ἀλγηδόνων,
415 3837 470 3900 οὐκ
489 3830 524 3899 ἀν
545 3859 623 3901 ποτε
642 3825 874 3927 προσεδεόμεθα
894 3836 1092 3930 φυσιολογίας
1110 3833 1152 3910 είς
1166 3844 1277 3903 τοῦτο.

604 4006 669 4066 (lie,
684 4004 715 4054 de
728 4007 794 4065 mn„
809 4006 829 4067 l,
845 4023 899 4073 cap.
919 4011 957 4059 ta.

239 4105 373 4164 Omnium
389 4110 483 4158 autem
494 4116 586 4157 rerum
601 4109 699 4157 natura
714 4102 837 4174 cognita,
855 4103 980 4160 levamur
992 4101 1197 4175 superstitione,
1212 4101 1367 4160 liberamur

204 4195 300 4254 mortis
315 4200 407 4257 metu,
428 4205 484 4245 non
499 4190 701 4246 conturbamur
720 4191 894 4263 ignoratione
909 4207 1020 4255 rerum,
1035 4207 1050 4247 e
1069 4206 1122 4263 qua
1143 4184 1368 4262 ipsa'horribiles

204 4286 324 4344 existunt
336 4295 408 4351 saepe
423 4276 597 4334 formidines.
614 4278 740 4349 Denique
758 4278 844 4335 etiam
858 4279 961 4335 morati
974 4279 1074 4334 metius
1087 4278 1201 4350 erimtts,
1214 4295 1307 4352 quum
1320 4279 1367 4338 tti-

204 4375 354 4433 dicerimus
369 4384 430 4441 quae
443 4377 539 4425 natura
554 4365 699 4423 desideret.
