2790 4770
603 220 783 285 ..43-

154 362 242 426 lllius
256 367 365 426 autem
377 365 481 442 poetae
494 377 568 442 quae
588 359 669 424 ratio
689 359 919 440 interpretandi
941 359 1039 425 fuerit
1053 377 1092 425 ex
1107 359 1176 424 istis
1189 359 1271 441 frag·

113 472 229 535 mentis
239 470 373 553 intelligi
380 474 495 551 potest.
508 471 608 533 ltarus
617 468 702 543 enim
715 470 755 534 ad
766 469 899 534 verbum
910 468 1095 551 Euripidem
1103 468 1266 550 exprimit.

113 579 298 660 Saepissime
312 584 431 656 autem,
445 577 563 642 timens
577 580 685 641 forsan
694 595 735 643 ne
746 578 871 643 desiliat
880 579 1044 643 inarotum
1056 579 1198 643 imitator
1213 575 1268 661 (1),

113 688 247 767 Ennius,
263 690 399 753 formam
414 688 533 770 ingenii
552 687 602 752 sui
624 691 765 765 secutus,
783 691 840 751 aut
864 688 972 768 plures
995 685 1095 751 Graeci
1120 681 1271 751 carminis

113 796 324 877 cogitationes
338 795 476 859 brevitor
489 795 650 859 contrahit
669 797 726 857 aut
746 792 895 858 diffusius
908 795 1055 876 explicat.
1073 793 1270 858 imitatorem

114 902 196 981 dixi3
214 902 357 967 imitator
369 902 493 966 scilicet
505 902 610 984 potius
627 918 725 984 quam
736 901 892 984 interpres
905 902 1072 967 habendus
1085 907 1147 981 est3
1164 899 1271 965 necin

114 1012 172 1076 illo
184 1030 300 1093 genere
315 1011 452 1089 excellit,
467 1011 493 1074 si
508 1013 544 1076 T.
555 1011 696 1076 'Varroni
711 1010 863 1089 creditur,
880 1013 948 1094 qui,
968 1014 1019 1078 vel
1032 1012 1136 1078 Tullio
1148 1012 1270 1094 judice,

114 1123 176 1187 suit
192 1142 209 1183 1
223 1121 484 1203 diligentissimus
508 1120 714 1201 investigator
732 1119 939 1202 antiquitatis
950 1143 981 1186 11.
1007 1121 1127 1185 Ennius
1141 1121 1175 1183 in
1197 1119 1271 1185 imi·

115 1232 216 1295 tando
238 1229 391 1311 Euripide
412 1230 519 1310 lapsus
534 1227 588 1311 (t),
610 1227 718 1311 inquit
736 1229 791 1293 ille
810 1229 940 1311 nimius,
965 1249 1048 1311 reor,
1065 1231 1100 1294 in
1112 1231 1274 1311 vitupera·

115 1340 216 1404 tione.
237 1338 349 1403 «Nihil
366 1344 413 1403 est
437 1338 524 1401 enim
542 1336 638 1401 simul
657 1342 689 1401 et
708 1337 873 1404 inventum
887 1347 919 1405 et
938 1342 1117 1422 perfectum
1130 1340 1185 1422 (3).
1197 1360 1212 1400 11
1238 1338 1272 1401 Si

117 1445 192 1529 quis
212 1444 311 1527 igitur
333 1447 473 1510 Ennium
493 1446 605 1510 Medea
627 1445 779 1510 ceterisve
802 1445 930 1526 tabulis,
953 1466 1033 1531 quas
1055 1465 1128 1513 vere
1150 1449 1274 1512 Grecos

119 1556 268 1634 dixerim,
284 1556 446 1635 metiatur,
471 1554 498 1620 is
514 1556 622 1619 animo
640 1555 768 1636 colligat
786 1574 860 1619 eum
881 1573 948 1620 esse
972 1556 1028 1638 qui
1043 1557 1167 1637 primus
1181 1556 1275 1619 hexa-

120 1669 240 1728 metros
252 1663 458 1747 iambeosque
471 1664 559 1744 lecit,
585 1664 641 1745 qui
654 1663 777 1745 primus
796 1664 893 1728 etiam
912 1663 1088 1728 orationem
1103 1656 1276 1728 excoluisse

121 1768 217 1850 eique
232 1787 383 1832 numeros
394 1770 553 1833 addidisse
567 1770 679 1833 1011111.
696 1773 774 1832 Nam
788 1771 867 1833 Livii
881 1770 1041 1851 Naeviique
1055 1769 1217 1851 antiquior
1229 1774 1276 1834 est
1359 1842 1363 1850 ¹

120 1892 239 1952 sermo,
257 1877 407 1956 quaedam
424 1875 605 1940 horridiora
626 1876 732 1939 verba.
753 1877 877 1958 Quippe
900 1877 945 1940 ita
959 1883 1028 1940 tum
1050 1876 1274 1958 loquebantur.

120 1985 274 2057 Quaedam
297 2000 371 2048 vero
395 1984 489 2046 Ennii
503 1983 646 2048 carmina
659 1984 739 2047 adeo
765 1984 899 2066 pulchra
921 1990 953 2049 et
976 1984 1115 2066 expolita
1134 1988 1223 2060 sunt,
1241 1987 1278 2047 ut

122 2091 236 2155 eadem
257 2089 370 2154 abillo
390 2089 540 2172 Virgilius
561 2087 703 2155 mutuari
724 2091 874 2172 dignatus
898 2091 1005 2157 fuerit.
1032 2091 1095 2155 Sed
1121 2090 1176 2154 illa
1199 2089 1277 2154 alias

122 2196 325 2278 disputanda.
374 2273 376 2277 ι

163 2305 254 2369 Nunc
267 2305 432 2369 rideamus
446 2302 479 2367 111
491 2305 605 2368 Medea
618 2303 738 2383 Latina,
776 2341 777 2345 =

500 2529 509 2547 .
555 2535 562 2551 .
607 2532 614 2546 .
660 2536 667 2552 .
709 2496 970 2566 Quaenovarerum

339 2581 454 2640 uomina
469 2582 617 2657 protulerit
631 2583 666 2658 (1)

128 2792 264 2873 Ennium
282 2801 324 2873 et,
345 2795 372 2858 si
393 2813 457 2876 qua
469 2793 576 2860 minus
597 2801 777 2874 occurrant,
793 2814 901 2877 opera
915 2794 1056 2877 pretium
1075 2799 1123 2859 est
1136 2814 1282 2877 quaerere

129 2918 171 2965 an
185 2918 281 2965 novas
290 2901 329 2964 iis
344 2903 400 2984 qui
415 2905 540 2966 Graecos
551 2920 659 2967 versus
674 2902 876 2982 interpretari
888 2902 1015 2979 vellent,
1030 2900 1094 2965 vias
1109 2903 1280 2982 aperuerit.

128 3011 220 3085 Quod
235 3011 274 3074 ad
295 2993 392 3076 rerba
416 3013 541 3090 attinet,
556 3029 657 3092 pauca
678 3012 712 3073 iu
736 3012 847 3092 paucis
867 3010 1010 3091 reliquiis
1032 3010 1164 3091 reperiri
1190 3026 1282 3091 posse

129 3119 279 3183 arbitror.
300 3119 426 3183 Etenim
448 3137 512 3183 non
536 3118 676 3183 dubitari
703 3120 799 3182 debet
824 3119 901 3200 quin
926 3136 973 3199 ea,
997 3136 1069 3201 quae
1089 3118 1225 3197 legimus
1250 3116 1284 3179 in

129 3224 253 3304 Medea,
265 3226 333 3306 jam
346 3231 418 3307 ante
431 3224 536 3290 Livius
559 3245 596 3291 ac
610 3227 735 3291 Naevius
748 3225 980 3307 usurpaverint.
1002 3223 1076 3289 Tria
1090 3229 1218 3289 tantum
1230 3241 1285 3288 no·

129 3334 230 3398 tanda
242 3333 322 3397 mihi
335 3334 506 3400 videntur:
739 3334 740 3338 ’
991 3319 994 3325 ’

174 3442 447 3528 Blandttoqoeotto
461 3443 610 3527 (ἡδυέπειαι)
625 3443 665 3508 de
682 3462 748 3526 quo
762 3461 859 3525 supra
872 3441 950 3507 dixi.

131 3847 261 3902 hominum
273 3847 436 3900 concitentur.
451 3847 485 3900 At
498 3863 527 3900 ea
540 3864 591 3899 nou
604 3856 658 3901 erat
670 3847 734 3901 tenti
746 3845 836 3911 Ennio,
851 3864 925 3916 quem
937 3847 1009 3901 tuisse
1021 3847 1153 3902 admodum
1164 3849 1251 3902 rudem
1261 3848 1287 3900 in

132 3946 187 3990 arte
198 3935 298 4003 tragica,
311 3936 367 4004 quis
378 3935 492 4003 ignorat?

167 4019 205 4086 (l)
222 4018 282 4070 1101.
297 4023 331 4071 A.
346 4023 376 4070 P.
395 4020 452 4073 131.

167 4103 205 4171 (2)
221 4101 250 4155 Τ.
265 4102 352 4167 Varro,
364 4101 396 4154 de
408 4101 482 4173 Lr'ng.
496 4103 551 4166 lat,
564 4102 615 4155 Ml.

167 4188 204 4255 (1)
220 4185 275 4241 cic.
288 4193 358 4240 111111.
373 4185 459 4244 xvlss.

168 4274 204 4340 (1)
221 4272 281 4327 uor.
294 4277 329 4327 A.
343 4278 373 4325 r.
386 4276 427 4328 11.
