2790 4770
630 334 830 398 -220-

153 478 250 534 sunt:
272 496 287 531 e
311 475 412 535 Nemo
429 475 467 536 de
486 473 577 537 nobis
588 493 669 537 unus
690 475 842 550 excellat3
859 473 906 535 sin
933 473 1004 554 quis
1019 458 1191 553 exstiterit,¹
1203 450 1267 535 alio
1283 472 1316 534 in

152 578 235 655 loeo,
254 584 286 641 et
304 569 388 658 apud
401 579 480 642 alios
497 582 537 643 sit
554 580 605 662 (1).
620 603 634 637 n

191 686 269 757 Cia,
284 687 392 763 acad,
410 690 434 762 Ι,
455 706 524 768 cap.
544 692 580 750 ta
599 709 605 748 :
627 721 666 733 -
739 691 897 768 Angustos
912 707 1032 764 sensus,
1050 689 1230 752 imbecillos
1245 689 1314 750 ani-

153 808 233 865 mos,
255 791 362 853 brevia
384 794 542 854 curricula
564 793 643 866 ritae,
665 799 696 855 et
717 799 760 872 (ut
774 791 986 868 Democritus)
1007 793 1038 853 in
1057 790 1216 870 protuudo
1231 791 1315 852 veri-

152 896 247 952 tatem
264 910 331 953 esse
347 893 525 954 demersam
541 893 593 973 (a).

193 999 270 1075 Cic,
292 1002 329 1061 de
347 1002 420 1064 Not.
452 1002 683 1080 uror.,1,eap.
702 1005 740 1063 17
766 1022 772 1063 :
791 1002 881 1075 Quod
896 1002 921 1062 si
939 1002 983 1062 ita
1003 1007 1150 1078 estsere
1171 999 1316 1081 exposita

150 1107 204 1169 iila
218 1109 375 1172 sententia
390 1115 437 1171 est
452 1109 491 1170 ab
507 1107 645 1188 Epicuro
663 1130 669 1171 :
692 1130 707 1167 o
721 1111 806 1189 quod
829 1116 984 1172 aeternum
997 1111 1191 1189 beatumque
1205 1110 1261 1185 sit,
1281 1109 1313 1170 id

149 1233 208 1277 nec
231 1217 348 1279 habere
367 1216 471 1296 ipsum
496 1217 615 1297 negotii
634 1216 819 1298 quidquam,
843 1235 903 1280 nec
917 1218 1066 1280 exhihere
1082 1218 1183 1280 alteri.
1202 1219 1314 1297 itaque

152 1341 256 1404 neque
282 1325 341 1402 ira,
371 1343 474 1405 neque
490 1326 590 1404 gratia
604 1325 718 1403 teneri,
744 1328 841 1405 quod,
858 1345 928 1405 queo
943 1327 1016 1388 talia
1028 1332 1132 1388 essent
1148 1326 1313 1388 imbecilla

150 1439 254 1494 essent
270 1433 376 1494 omnia
392 1433 445 1512 (3).
463 1454 478 1490 n
1230 1412 1233 1417 ⁴

191 1541 269 1618 Cio,
293 1540 330 1600 de
348 1542 430 1621 Lep,
458 1541 509 1617 lli,
528 1557 596 1619 cap.
613 1545 632 1601 Ξ)
650 1560 656 1601 :
673 1575 713 1588 -
734 1542 884 1602 Necrero
900 1541 1014 1614 solum,
1031 1544 1067 1600 ut
1085 1537 1313 1618 obtemperent

151 1648 364 1729 obediantque
391 1648 636 1729 magistratibus,
663 1650 717 1710 sed
738 1649 835 1711 etiam
850 1654 884 1710 ut
906 1667 959 1711 eos
974 1650 1082 1711 colant
1097 1649 1310 1728 diligantque,

153 1754 402 1834 praescribimus
417 1760 452 1816 ut
466 1754 649 1816 Charondas
666 1754 697 1814 in
713 1752 776 1814 suis
787 1753 862 1816 iacit
876 1753 998 1833 legibus
1015 1753 1065 1836 (Ι).

540 2004 725 2064 ADDENDA
751 2002 912 2083 (cap.al

148 2219 194 2267 llic
212 2215 326 2290 addenda
344 2235 394 2266 esse
412 2235 496 2266 censeo
516 2218 595 2267 omitia
615 2218 765 2285 fragmento,
786 2237 837 2289 quae
846 2217 962 2290 perlectis
981 2219 1064 2268 iterum
1085 2216 1154 2275 libris
1172 2210 1205 2268 'dc
1219 2217 1315 2269 Natura

183 2301 288 2352 Deorum
299 2302 334 2368 (5)
349 2312 370 2350 et
384 2303 414 2352 de
428 2301 561 2370 Republica
582 2305 628 2370 (6),
640 2321 652 2352 e
665 2302 766 2353 Platone
780 2313 820 2352 aut
832 2322 861 2352 aa
876 2301 932 2352 aliis
949 2302 1083 2352 arietaribus
1096 2305 1186 2354 Grecis
1196 2321 1315 2352 conversa

108 2377 114 2387 ¹
183 2403 232 2433 rsse
250 2384 412 2437 arrimadverti.
427 2391 484 2452 Quae
498 2386 592 2458 qrridrm
608 2398 736 2458 sequuntur
751 2389 776 2437 in
795 2385 903 2436 ordinem
914 2386 1022 2439 redacta.

188 2555 231 2614 lte
248 2557 317 2618 Nat.
339 2558 440 2629 Deae,
455 2557 479 2631 Ι,
500 2557 578 2618 1.-
599 2577 613 2634 o
629 2558 673 2618 De
689 2574 752 2636 qua
763 2560 827 2617 tam
848 2557 942 2618 rariae
959 2561 1032 2617 sunt
1047 2553 1314 2617 doctissimorum

144 2663 324 2743 hominum,
352 2670 480 2742 tamque
503 2664 715 2742 discrepantes
742 2663 919 2738 sententiae,
935 2669 970 2724 ut
989 2679 1103 2741 magno
1116 2669 1312 2741 argumento

180 2905 216 2969 (Ι)
235 2903 350 2955 Heracliti
366 2904 441 2954 rerba
452 2907 518 2971 aprrd
531 2905 600 2970 Diog.
616 2905 698 2954 Laert.
713 2914 768 2954 sunt
782 2904 834 2954 haee
845 2923 851 2952 z
862 2927 874 2949 ιι
891 2903 968 2960 'letior
979 2904 1100 2969 Ἐφεσίοις
1108 2903 1200 2962 aendor
1217 2904 1314 2954 ἀποθα-

146 2990 194 3040 νεῖν
204 2989 285 3049 πᾶσιν,
292 2990 333 3040 καὶ
341 2992 392 3046 τοῖς
402 2992 502 3051 denter:
512 2994 556 3047 τὴν
568 2991 636 3040 πόλιν
648 2990 800 3048 καταλιπεῖν,
813 2991 902 3046 οἵτινες
910 2989 1068 3055 Ἑρμόδωρον
1079 2989 1178 3053 ἑωντῷν
1190 2987 1312 3048 ὀνηὶστὸν

145 3075 267 3131 cetastis,
286 3074 406 3138 λέγοντες,
417 3096 429 3117 «
440 3076 524 3138 ἡμέων
540 3075 599 3139 μηδὲ
617 3068 651 3130 εἷς
670 3075 784 3132 ὁνηϊστὸν
806 3075 879 3130 ἔστω,
898 3075 918 3123 εἰ
934 3076 961 3124 δέ
975 3091 1010 3131 τις
1024 3079 1144 3131 τσιοῦτσς,
1162 3073 1253 3124 ἄλλοτε
1269 3074 1313 3123 καὶ

147 3157 199 3221 μετ’
213 3157 324 3207 ἄλλων.»
336 3186 368 3192 -
379 3158 407 3205 tt.
430 3157 567 3224 Stephanus
586 3158 646 3207 dicit
666 3159 729 3224 apud
753 3175 778 3207 se
799 3157 872 3208 fuisse
891 3159 1020 3223 quamdam
1041 3156 1156 3207 Heracliti
1172 3157 1312 3222 Epistolam

144 3244 206 3307 (quae
219 3242 283 3291 iuter
296 3258 335 3291 eas
350 3258 399 3290 uon
414 3252 450 3293 est
464 3259 523 3307 quas
535 3243 610 3292 edidit
626 3243 709 3306 Aldus)
721 3244 751 3292 ad
764 3243 941 3292 Hermodorum
957 3243 1022 3291 hunc
1037 3241 1172 3308 scriptam:
1187 3243 1259 3307 eujus
1276 3251 1313 3291 est

144 3326 191 3375 hoc
216 3326 384 3392 principium:
399 3349 410 3370 ι(
425 3330 494 3393 ’Ἄχρι
513 3329 587 3389 τίνας,
614 3329 764 3395 Ἐρμόδωρε,
784 3329 858 3378 κακοὶ
879 3327 977 3378 ἔσονται
998 3327 1138 3393 ἄνθρωποι,
1160 3327 1202 3376 καὶ
1224 3328 1314 3378 σύιιέτι

145 3415 251 3467 ἕκαστος
262 3412 321 3476 ἰδίᾳ,
338 3412 397 3460 ἀλλὰ
411 3419 480 3477 κοινῇ
496 3412 575 3469 πόλεις
587 3414 658 3474 ’σ’λαι;
676 3412 785 3478 Ἰἶρέσιαί
800 3430 828 3462 σε
843 3413 939 3479 ἀνδρῶν
958 3415 1017 3464 ὄντα
1032 3410 1133 3478 ἄριστον
1153 3411 1311 3463 ἐλαύνουσιν.

153 3496 214 3545 Ἀντὶ
229 3497 310 3556 τίνσς;
324 3492 340 3556 ἢ
356 3497 403 3563 ὅτι,
421 3506 467 3545 etc.
477 3533 500 3548 ..
518 3518 529 3540 ν

178 3583 213 3646 (2)
231 3580 268 3630 Cf.
283 3579 414 3631 Democrit.
427 3597 433 3630 :
446 3604 457 3626 ι(
473 3583 541 3646 Αἰτῖῃ
557 3583 626 3632 οὐδὲν
643 3581 733 3645 ἴσμεν·
749 3583 773 3632 ἐν
785 3583 851 3648 βυθῷ
863 3583 909 3648 γὰρ
924 3585 939 3641 ἡ
955 3582 1060 3641 ἀλήθεια.
1079 3603 1091 3626 ν

179 3670 214 3731 (3)
232 3665 287 3715 vid.
303 3665 404 3732 Epicuri
420 3666 492 3715 rerba
505 3668 570 3732 apud
584 3667 651 3732 Diog.
669 3666 749 3716 Laert.
765 3667 795 3727 tt,
814 3670 860 3715 189
873 3685 879 3711 ι
893 3689 904 3711 «
920 3668 955 3716 Τὸ
978 3667 1098 3733 μακάριον
1119 3666 1161 3716 καὶ
1180 3665 1312 3733 ἄφθαρτον

146 3748 204 3800 οὔτε
217 3751 277 3801 αὐτὸ
288 3752 422 3817 πράγματα
433 3753 492 3818 ἔχει,
505 3749 562 3801 οὔτε
573 3750 636 3817 ἄλλῳ
648 3753 759 3818 παρέχει,
767 3753 832 3802 ὥστε
842 3753 900 3802 οὔτε
911 3753 996 3819 ὀργαῖς
1005 3753 1063 3801 οὔτε
1072 3751 1155 3818 χάρισι
1164 3754 1312 3818 συνέχεται·

145 3836 169 3887 ἐν
184 3837 279 3887 ἀσθενεῖ
291 3838 337 3904 γὰρ
350 3838 397 3887 πᾶν
414 3838 442 3886 τὸ
455 3844 578 3889 τοιοῦτον,
595 3858 606 3880 n

178 3922 214 3986 (1)
233 3920 367 3970 Charondae
383 3921 531 3988 rerbaapud
548 3921 670 3971 Stobaeum
685 3920 735 3970 haec
750 3929 825 3971 suntt
841 3943 853 3965 o
874 3924 928 3988 Χρὴ
945 3922 971 3971 δὲ
985 3921 1098 3987 καὶπρὸς
1112 3921 1171 3977 τοὺς
1185 3922 1316 3987 ἄρχοντας

147 4001 243 4058 εὔνοιαν
257 4007 426 4070 διαφυλάττειν
440 4007 549 4072 καθάπερ
564 4007 693 4072 πατρικὴν,
707 4004 882 4061 εὐπειθσῦντας
896 4006 938 4054 καὶ
949 4006 1108 4069 σεὸομένσνς.
1121 4025 1133 4047 ν

171 4088 280 4153 (5))(111.
301 4089 334 4139 H.
350 4089 377 4137 T.
395 4088 518 4138 Ciceronis
537 4087 567 4136 de
584 4089 642 4137 Not.
663 4092 735 4138 Deor.
760 4105 791 4138 ex
807 4105 900 4138 recens.
917 4088 940 4139 J.
960 4088 989 4138 Α.
1008 4087 1113 4147 Ernesti,
1137 4096 1224 4140 annot.
1240 4087 1312 4139 Frid.

145 4173 264 4235 Creuzer‚
281 4173 374 4239 Lipsiae,
391 4175 460 4222 1818.

177 4259 212 4322 (8)
230 4259 262 4308 tt.
276 4258 304 4307 T.
323 4259 401 4308 Cicer.
417 4255 447 4304 dr
460 4256 571 4326 ltepudl„
592 4260 629 4307 ed.
645 4259 673 4308 G.
686 4260 715 4309 H.
730 4260 817 4320 Moser,
839 4269 923 4309 anatot.
940 4259 1005 4308 Frid.
1023 4259 1134 4318 Creuzer,
1153 4257 1314 4309 Fratreoiurti

144 4342 174 4391 ad
190 4341 302 4403 Hoenum,
320 4346 392 4392 1826.
