2790 4770
642 298 840 363 -lto-

168 431 257 505 tnojor
270 430 393 503 indoles3
407 441 439 491 ut
450 433 567 492 minime
584 436 691 494 mirum
701 436 827 493 futurum
841 435 887 507 sit,
901 435 936 507 si,
951 443 1131 510 quumaetate
1144 433 1322 508 processerit,

166 528 214 576 out
227 521 256 578 in
269 521 323 580 hoc
336 524 493 581 orationum
506 541 624 599 genere,
640 526 683 583 cui
701 542 777 582 nunc
791 525 899 593 studet,
918 534 1042 597 tontum,
1062 532 1197 625 qnantum
1213 523 1329 597 pneris,

167 609 280 684 reliquis
292 621 402 684 praestet
415 615 555 684 omnibus,
571 616 617 688 qui
635 632 756 716 uuquam
776 616 915 673 orationes
928 615 1095 688 attigerunt3
1111 623 1159 671 aut
1171 613 1193 670 si
1206 622 1322 669 conton-

167 705 211 756 tus
228 699 271 756 his
284 718 341 758 non
361 701 462 775 locuit,
478 703 572 761 diviuo
590 705 682 778 aliquo
703 704 789 761 animi
810 714 888 761 ntotu
907 705 1014 778 mnjolo
1033 703 1221 802 concupiscet.
1245 705 1322 760 Inest

163 788 241 845 enim
257 799 358 848 nutum
374 793 566 866 philosophie
560 810 589 850 tn
604 794 725 869 hujus
700 795 752 852 νιιί
767 803 862 851 mente
876 793 1013 867 quaednm

708 936 779 950 —

549 1070 684 1127 Πλάτωνος
696 1069 780 1136 νόμων
794 1071 856 1136 βιόλ.
871 1067 925 1121 ΧΠ.

220 1192 245 1256 Γ
247 1199 266 1265 ἦ
280 1192 333 1285 μὲν
354 1189 405 1260 οὖν
426 1191 514 1260 ἑστία
533 1219 566 1260 τε
586 1194 729 1272 οἰκήσεως
749 1190 813 1288 ἱερδι
838 1197 915 1262 πᾶσι
933 1193 1058 1262 πάντων
1087 1195 1184 1261 θεῶν·
1211 1183 1319 1285 μηδεὶς

80 1341 82 1345 ’
169 1312 220 1382 οὖν
249 1305 398 1411 δευτέρως
429 1315 493 1412 ἱερὰ
517 1319 703 1413 καθιερούτω
731 1320 815 1397 θεοῖς.
841 1319 965 1412 Χρυσὸς
996 1309 1031 1385 δὲ
1061 1315 1113 1385 καὶ
1135 1313 1265 1412 ἀργυρος
1288 1320 1320 1384 ἐν

166 1434 275 1519 ἀλλαις
296 1440 419 1509 πόλεσιν
441 1433 505 1532 ἰδίᾳ
521 1468 556 1508 τε
574 1443 670 1510 καὶέν
687 1443 772 1536 ἱεροῖς
787 1445 868 1511 ἐστιν
886 1439 1046 1534 ἐπίφθονον
1062 1452 1191 1534 κτῆμα·
1212 1443 1319 1534 ελέφας

168 1552 202 1626 δὲ
229 1561 471 1645 ἀπολελοιπότος
493 1562 592 1659 ψυχὴν
615 1571 758 1660 σώματος
777 1572 832 1636 οὐκ
857 1565 974 1661 εὐχερὲς
1003 1567 1166 1658 ἀνάθημα·
1195 1556 1266 1640 σίδη
1271 1592 1318 1659 ρος

167 1677 202 1752 δὲ
219 1688 271 1755 καὶ
292 1686 406 1781 χαλκός
426 1693 607 1784 πολέμων”
588 1717 721 1788 οργανα
745 1683 890 1773 ξόλονδὲ
877 1686 1117 1785 εμσνόξυλον
1105 1693 1157 1761 ότι,
1177 1687 1247 1759 ἀνε
1233 1690 1317 1785 lette

165 1839 211 1892 τις
227 1813 407 1903 ἀνατιθέτω,
427 1843 479 1885 και
471 1818 614 1886 ’λίθου
599 1820 849 1912 ωσαότως,,ττρὸς
868 1815 910 1886 τὰ
930 1815 1018 1887 κοινὰ
1032 1815 1107 1911 ἱερὰ,
1126 1821 1204 1910 ὑφὴν
1221 1807 1257 1883 δι
1276 1843 1317 1910 μη

165 1942 256 2007 πλέον
272 1942 359 2036 ἔργον
382 1943 525 2038 γυναικὸς
544 1948 615 2035 μιᾶς
640 1946 787 2038 ἔμμηνον.
811 1947 976 2038 Χρώματα
1002 1934 1037 2010 δὲ
1054 1937 1148 2010 λευκά
1170 1943 1317 2036 πρέποντ’

169 2058 205 2130 ἀν
221 2063 296 2147 θεοῖς
312 2064 356 2142 εἴη
374 2068 427 2135 καὶ
441 2067 548 2135 ἀλλόθι
566 2069 618 2136 καὶ
635 2070 663 2134 ἐν
682 2074 763 2163 ὑφῇ·
782 2069 937 2162 βάμματα
950 2062 985 2136 δὲ
998 2071 1041 2162 μὴ
1055 2070 1235 2163 προσφέρειν
1251 2069 1319 2135 ἀλλ’
1365 2094 1368 2096 ·

165 2187 184 2264 ἢ
205 2188 279 2285 πρός
305 2191 347 2261 τὰ
366 2195 503 2284 πολέμου
518 2200 720 2290 κοσμήματα.
738 2195 897 2264 Θιιότατα
922 2186 957 2261 δὲ
976 2186 1194 2289 δῶραόρνιθές
1213 2219 1249 2261 τι
1269 2193 1320 2261 καὶ

165 2315 349 2408 ἀγάλματα,
364 2320 464 2410 ὥσπερ
480 2311 515 2382 ἀν
530 2320 559 2384 έν
575 2323 632 2412 μιᾷ
645 2311 801 2414 ζωγράφος
814 2320 912 2413 η’μέρᾳ
927 2313 966 2398 εἷς
979 2318 1136 2413 ἀποτελῇ·
1154 2318 1207 2386 καὶ
1218 2313 1320 2387 τᾶλλα

165 2439 245 2511 έστω
263 2438 345 2510 κατὰ
362 2438 404 2508 τὰ
424 2452 554 2510 τοιαῦτα
576 2443 760 2536 ἀναθήματα
780 2445 987 2537 μεμιμημένα.

534 2618 597 2684 cic,
612 2616 643 2668 dc
657 2617 766 2687 Legibus,
782 2617 814 2684 ΙΙ,
830 2635 885 2687 cup.
903 2623 941 2669 18.

202 2738 308 2794 «Terra
320 2737 413 2812 igitur,
427 2744 457 2795 ut
471 2738 550 2795 focus
561 2738 783 2809 domiciliorum,
800 2754 875 2796 sacro
894 2738 1016 2797 Deorum
1031 2738 1158 2796 omnium
1173 2747 1225 2796 est.
1242 2740 1317 2810 Quo·

163 2831 237 2888 circa
246 2844 282 2888 ne
293 2831 355 2904 quis
368 2830 466 2888 iterum
474 2830 546 2889 idem
557 2838 729 2887 consecrato.
745 2832 852 2887 Αιινιιω
864 2839 958 2888 autem
971 2839 999 2888 et
1009 2838 1155 2905 argentum
1166 2829 1193 2886 in
1203 2829 1318 2887 urbibus

162 2929 191 2978 et
204 2920 342 2993 privatim,
357 2929 386 2978 et
402 2919 431 2976 in
449 2920 519 2980 lauis
533 2919 667 2976 invidioso
681 2935 726 2976 nes
740 2928 791 2976 est.
806 2921 879 2976 Tum
895 2920 976 2992 ebur,
992 2935 1025 2977 cx
1040 2918 1114 2976 inani
1131 2934 1250 2993 corpore
1269 2935 1317 2976 ex·

162 3014 294 3075 tractum,
307 3007 381 3065 haud
393 3007 459 3064 satis
470 3016 578 3065 costum
589 3006 695 3064 donum
708 3011 777 3065 Deo.
791 3010 807 3063 J
809 3024 855 3066 am
868 3024 906 3068 aes
916 3017 999 3082 atque
1011 3007 1115 3079 ferrum
1124 3007 1206 3066 duelli
1216 3008 1318 3066 instru-

164 3105 268 3166 mento,
280 3113 337 3154 non
347 3095 415 3154 funi.
429 3098 565 3170 Ligneum
577 3087 682 3167 nutem,
697 3097 771 3171 quod
782 3098 843 3171 quis
853 3097 979 3166 voluerit,
993 3114 1048 3154 uno
1061 3113 1075 3154 e
1090 3096 1166 3171 ligno
1179 3094 1317 3170 dedicato,

165 3187 286 3260 itemque
304 3186 459 3261 lapideum,
476 3188 504 3244 in
518 3187 639 3245 delubris
654 3189 850 3247 communibus
868 3208 874 3243 :
895 3189 988 3246 textile
1008 3206 1043 3246 ue
1058 3189 1216 3262 operosius,
1234 3204 1317 3262 quom

163 3277 289 3334 mulieris
302 3294 370 3350 opus
389 3287 574 3335 menstruum.
597 3279 681 3336 Color
696 3287 790 3335 autem
808 3279 886 3335 albus
901 3279 1039 3353 praecipue
1059 3277 1178 3336 decorus
1196 3280 1258 3335 Deo
1277 3282 1319 3334 est

164 3377 223 3424 tum
234 3368 263 3424 in
277 3369 386 3434 ceteris,
402 3377 461 3425 tum
472 3369 593 3425 tnnxime
606 3371 634 3426 iu
644 3369 743 3427 textili.
757 3370 855 3426 Tincta
867 3370 1044 3437 venenosum,
1058 3369 1111 3425 nisi
1126 3385 1142 3426 a
1156 3368 1265 3427 bellicis
1278 3369 1319 3424 in·

163 3456 297 3530 signibus.
311 3455 487 3513 Divinissiuta
501 3466 595 3514 nutem
610 3455 692 3522 doun,
706 3464 807 3512 aveset
822 3455 918 3512 lormae
933 3455 968 3511 ab
981 3470 1037 3511 uuo
1051 3454 1155 3526 pictore
1170 3468 1226 3509 uno
1239 3453 1320 3510 ubso-

163 3543 229 3601 lutae
239 3543 301 3601 dle:
317 3545 437 3618 itemque
452 3554 542 3602 cotem
555 3545 637 3618 hujus
652 3544 769 3617 exempli
784 3544 858 3601 douo
870 3554 986 3600 sunto.»

612 3835 751 3892 Πλάτωνος,
767 3830 861 3881 ibidem.

219 3941 326 4018 Θῆκας
342 3931 369 4004 δ’
389 3935 535 4008 εἶναιτῶν
551 3940 685 4036 χωρίων,
701 3939 800 4006 ὁπόσα
817 3940 870 4030 μὲν
886 3938 1049 4032 έργάσιμα,
1064 3928 1224 4030 μηδαμοῦ,
1241 3944 1321 4029 μήτε

164 4091 196 4132 τι
216 4065 296 4158 μέγα
314 4067 394 4157 μήτε
415 4093 444 4131 τι
467 4065 592 4159 σμικρόν
621 4076 744 4157 μνῆμα·
776 4062 794 4130 ἀ.
818 4056 853 4131 δὲ
872 4072 890 4140 ἡ
911 4067 997 4156 χώρα
1028 4063 1102 4156 πρὸς
1127 4065 1215 4128 τοῦτ’
1245 4063 1321 4128 αὐτὸ

164 4190 255 4283 μόνον
268 4190 354 4280 φύσιν
370 4191 443 4282 ἔχει,
456 4185 495 4258 τά
511 4200 569 4257 τῶν
586 4191 849 4264 τετελευτηκότων
862 4192 994 4281 σώματα
1009 4191 1144 4281 μάλιστα
1154 4189 1321 4267 ἀλυπήτως

165 4325 229 4395 τοῖς
245 4309 318 4394 ζῶσι
336 4309 486 4410 δεχομένη
504 4321 662 4413 κρύπτειν,
684 4328 784 4385 ταῦτα
802 4320 987 4409 ἐκπληροῦν,
1008 4324 1071 4394 τοῖς
1091 4308 1126 4382 δὲ
1144 4317 1321 4411 ἀνθρώποις
