2790 4770
536 305 736 368 -115-

60 441 172 504 Cicero
202 442 287 504 enim
313 441 459 523 quaesivit
478 438 757 521 quibus'numeris
784 439 987 520 potissimum
1018 444 1101 502 esset
1125 443 1216 502 uten-

61 551 152 626 dum,
168 556 264 630 atque
293 542 376 612 inter
395 547 457 611 alia
474 549 573 612 multa
600 549 668 612 haec
693 548 842 630 scripsit:
871 569 887 609 o
911 549 969 621 Qui
985 567 1095 628 paeona
1107 552 1218 630 praete·

61 664 165 736 reunt‚
182 679 248 723 non
263 659 371 724 vident
385 660 608 723 mollissimum
623 678 641 720 a
657 677 726 735 sese
741 676 910 721 numerum
922 660 1135 738 eumdemque
1150 674 1218 719 am-

61 763 242 844 plissimum
262 763 417 845 praetcriri
434 766 520 847 (i)?»
1078 837 1081 844 Ι

102 873 187 937 Satis
201 875 302 937 muita
314 876 354 937 de
374 893 408 938 re
420 869 563 942 metrica.
583 873 655 937 Dixi
669 893 775 939 meam
789 875 991 951 sententiam,
1008 874 1074 937 imo
1090 874 1219 955 conjec-

62 986 169 1044 turam
190 965 263 1059 ieci,
280 986 390 1061 utpote
406 980 552 1045 subsidiis
579 982 734 1045 doctrina
763 1000 827 1044 non
843 981 918 1043 satis
934 979 1114 1043 instructus.
1128 983 1219 1042 Nunc

63 1089 102 1151 ad
128 1107 197 1152 rem
226 1092 333 1167 redeo,
360 1107 379 1151 a
403 1107 465 1170 qua
487 1090 619 1153 fortasse
645 1088 723 1150 mihi
747 1106 909 1169 nunquam
931 1093 1014 1151 esset
1039 1087 1221 1168 digredien-

63 1199 153 1260 dum.
409 1199 412 1204 '
1005 1176 1008 1182 ¹

103 1307 150 1369 De
174 1302 319 1369 Saturnio
331 1325 433 1384 versu,
457 1324 521 1386 quo
550 1303 653 1368 Livius
668 1310 699 1368 et
710 1306 831 1368 Naevius
846 1303 893 1366 usi
916 1309 1000 1381 sunt,
1024 1304 1145 1385 aliquid
1160 1302 1223 1367 dis·
1260 1319 1263 1326 ·

65 1410 149 1475 serui
172 1431 180 1474 :
208 1412 284 1492 quid
305 1410 411 1494 igitur,
428 1413 514 1493 quod
535 1413 575 1473 ad
592 1409 858 1474 sensificationem
873 1411 1000 1473 illorum
1017 1415 1149 1491 spectet,
1166 1412 1223 1473 ad-

61 1520 162 1600 jicere
186 1521 355 1600 queami...
377 1518 460 1608 Livii
484 1538 574 1582 musa
596 1517 759 1582 interdum
789 1541 802 1578 ιι
816 1520 910 1608 paulo
932 1519 1120 1583 concinnior
1142 1540 1158 1578 ι
1179 1520 1225 1597 (ut

66 1623 261 1705 supradixi)
287 1626 542 1689 hexametrorum
571 1647 587 1686 ιι
612 1625 954 1708 magniloquentiam»
988 1628 1136 1690 aemulata
1164 1632 1221 1690 est.

66 1732 168 1797 Naevio
181 1740 289 1797 autem
302 1753 366 1797 non
382 1734 472 1797 deest
486 1732 595 1813 epieus
610 1734 717 1797 color:
737 1734 875 1811 «Naevii,
894 1751 989 1814 quem
1012 1731 1045 1795 in
1056 1734 1179 1797 vatibus
1192 1749 1226 1804 et

67 1836 181 1900 Faunis
194 1845 382 1915 annumerat
401 1841 533 1917 Ennius,
560 1842 680 1904 bellum
704 1840 859 1904 Punicum
880 1841 968 1921 quasi
983 1841 1123 1922 Myronis
1145 1860 1224 1921 opus

67 1949 204 2012 delectat
218 1947 299 2031 (1).»
317 1951 392 2014 Haec
406 1968 425 2012 a
437 1949 586 2014 Cicerone
598 1947 716 2029 scripta
730 1955 820 2025 sunt;
841 1949 898 2012 sed
913 1949 1045 2012 Horatio
1057 1950 1150 2028 longe
1164 1947 1226 2011 alia
1265 1974 1269 1981 ·

67 2075 156 2121 mens
171 2064 241 2122 est:

170 2230 282 2289 Naevius
292 2229 321 2287 iu
333 2229 460 2288 manibus
469 2244 528 2287 non
539 2237 592 2300 est,
604 2237 632 2287 et
642 2230 782 2288 mentibus
793 2228 882 2288 haeret

173 2336 253 2396 paene
264 2324 379 2380 reeens?
389 2319 468 2379 Adeo
480 2328 608 2378 sanctum
619 2329 663 2378 est
674 2329 753 2378 vetus
765 2336 848 2378 omne
860 2335 959 2393 noenia
971 2324 1023 2390 (att
1040 2372 1045 2382 .

67 2493 142 2554 Uter
153 2488 296 2554 Naeiium
319 2492 436 2555 rectius
457 2491 655 2574 judicaverit,
678 2491 764 2570 parvi
792 2493 898 2555 refert.
924 2495 967 2555 At
991 2510 1101 2556 omnes
1115 2493 1221 2556 sciunt

66 2599 105 2661 ab
120 2599 177 2662 illo
202 2598 346 2681 quaedam
361 2603 433 2662 loca
455 2598 626 2681 sumpsisse
639 2599 825 2680 Virgilium3
844 2605 876 2662 at
895 2619 989 2665 nemo
1005 2601 1130 2664 dubitat
1145 2600 1222 2682 quin

65 2707 164 2785 idem,
187 2709 342 2771 Didonem
367 2715 398 2790 et
416 2711 540 2771 Annam
562 2728 624 2772 una
644 2709 678 2770 in
698 2727 826 2772 scenam
846 2707 1038 2786 inducendo,
1060 2711 1221 2773 Romano-

65 2833 137 2878 rum
153 2814 288 2880 'animos
315 2818 354 2878 ad
382 2817 583 2896 probandum
597 2815 734 2879 Maronis
755 2815 854 2894 ipsius
870 2822 1088 2880 commentum
1101 2836 1222 2898 praepa-

64 2923 191 2988 raverit.
209 2923 291 2998 Quid
305 2925 423 2988 multa?
442 2924 563 3004 primus
579 2925 637 3005 iste
650 2924 802 3003 populare
824 2941 951 2987 carmen
968 2924 1079 2988 edidit.
1157 2938 1162 2946 ·

103 3037 241 3115 Jamque
254 3035 344 3098 adest

174 3203 292 3276 Ennius,
304 3213 333 3262 ct
342 3205 462 3278 sapiens,
474 3213 502 3264 ot
512 3205 601 3276 fortis,
614 3214 642 3265 et
653 3208 723 3266 alter
733 3211 883 3278 Homerus,

173 3302 204 3351 ut
214 3293 301 3352 cnuti
311 3293 406 3352 dicunt
416 3295 463 3370 (4).
480 3336 487 3351 .
501 3335 509 3351 .
523 3336 530 3351 .

61 3472 214 3536 Horatius
237 3473 349 3536 saltem
369 3469 462 3536 aliter
485 3472 573 3550 dicit,
605 3491 717 3536 censor
743 3472 798 3536 ille
821 3474 936 3554 priscae
962 3477 1222 3558 poetieaeacerri·

61 3849 74 3872 ιι
92 3821 236 3875 testimonio
253 3818 399 3884 Quintiliani
412 3824 539 3875 asserentis
554 3824 622 3888 (Inst.
638 3828 707 3875 Orat.
724 3824 744 3891 Ι,
760 3829 785 3890 5,
801 3827 842 3892 28)
855 3826 881 3877 in
894 3826 1032 3894 Vergiliano
1045 3828 1141 3883 illo.....
1154 3851 1166 3878 ιι
1177 3849 1221 3900 pe·

60 3933 74 3957 ιι
91 3909 169 3960 eudes
182 3908 301 3974 pictaque
312 3906 423 3959 volueres
432 3930 445 3954 n
460 3918 553 3960 mutato
563 3910 594 3960 ob
606 3910 678 3961 metri
689 3911 855 3963 conditionem
865 3921 976 3977 accentu,
995 3913 1135 3981 penultima
1148 3925 1221 3968 scuta

60 4018 75 4042 ιι
90 3994 223 4061 legendum
237 4004 286 4044 esse
298 3991 414 4046 volucres.
425 3994 493 4062 »(οε
506 4012 532 4044 re
547 3994 651 4056 metrica,
666 4011 693 4061 p.
709 3996 781 4062 207³)

96 4081 137 4149 (l)
155 4080 208 4132 cic.
223 4083 292 4132 Orat.
308 4097 362 4149 αφ,
379 4084 421 4133 st.

95 4167 137 4234 (2)
156 4165 208 4217 Cic.
222 4172 320 4229 Brutus,
335 4169 441 4219 xix-75.

96 4251 139 4319 (3)
156 4241 215 4302 tior.
227 4242 305 4321 Epist.
318 4242 350 4311 11,
367 4253 389 4312 1,
403 4249 435 4302 53
449 4254 526 4305 etot.

97 4337 138 4402 (t)
155 4335 215 4387 Hor.
229 4335 308 4408 Epist.
323 4335 356 4399 11,
373 4339 398 4401 i,
413 4340 445 4390 50
458 4345 483 4389 et
496 4341 537 4390 51ι
