2790 4770
603 319 805 384 -121-

125 457 309 522 Hexametri
334 459 401 541 ejus
423 460 586 542 (quoniam
612 462 651 523 de
674 456 866 523 hexametris
891 462 1015 521 tantum
1040 456 1155 539 agitur)
1172 437 1285 519 nervos

123 566 245 630 babent
261 587 269 629 :
286 567 377 631 illum
392 574 500 633 autem
514 571 718 633 vehementes
733 587 841 631 versus
862 569 1061 650 nimiumque
1082 570 1194 649 plenos
1217 587 1286 632 sec-

123 678 247 736 tantem
271 692 365 736 sonos
391 675 544 738 deliciunt
567 675 712 738 tlexibilis
730 675 833 737 oratio
856 680 889 738 et
910 677 1058 755 expedita
1070 676 1123 738 illa
1135 675 1280 753 lacilitaS,

124 782 242 862 quibus
268 784 425 864 legentem
452 786 532 847 adeo
559 785 719 847 delectant
745 782 887 845 earmina
911 783 1054 864 Virgilii!
1080 785 1126 846 Ne
1150 785 1283 865 longum

124 893 191 969 fiat,
206 893 348 954 Catullus
369 895 436 956 lere
451 911 518 955 unu
529 897 641 956 tenore
666 892 699 953 in
713 890 906 954 hexametris
921 891 1002 953 lluit.

162 1000 304 1063 Tandem
328 1001 454 1082 poetica
479 1020 516 1064 ac
542 999 730 1064 versificatio
746 1000 829 1079 apud
853 1000 1016 1062 Maronem
1033 1003 1065 1061 et
1080 1001 1229 1062 Flaccum
1243 998 1283 1060 ad

124 1125 196 1170 eam
209 1108 355 1170 adductae
370 1115 444 1172 sunt
458 1108 699 1189 perfectionem,
716 1125 812 1189 quam
832 1108 912 1171 citra
935 1109 1081 1189 ultraque
1094 1105 1174 1169 nihil
1194 1105 1285 1168 abso·

125 1219 232 1280 lutum
257 1234 325 1279 esse
353 1223 471 1299 posset.
489 1219 630 1279 Tandem
651 1233 727 1296 opes
741 1215 911 1277 immensas
923 1215 963 1277 ab
979 1215 1083 1277 Ennio
1095 1214 1283 1296 caterisque

122 1324 308 1386 Graecomm
320 1323 547 1404 interpretibus
561 1322 756 1404 iampridem
771 1327 970 1401 comparatas
983 1321 1017 1384 in
1032 1340 1100 1385 rem
1119 1340 1209 1385 suam
1224 1321 1283 1385 nti-

123 1429 310 1512 litatemque
331 1431 425 1511 patrii
444 1430 599 1494 sermonis
622 1434 858 1493 converterunt.
883 1463 923 1476 -
944 1427 1008 1510 Ipsi
1036 1447 1165 1512 quoque
1180 1430 1282 1493 imita·

124 1545 209 1601 tores
225 1542 407 1603 Graecorum
437 1540 602 1616 exstitere;
623 1538 684 1619 ipsi
712 1557 840 1620 quoque
865 1541 966 1604 multa
992 1540 1088 1603 verba
1101 1544 1282 1624 multosque

123 1663 235 1709 sensus
245 1647 286 1710 ab
307 1650 446 1712 Homero
469 1648 601 1729 aliisque
626 1646 700 1709 viris
720 1647 948 1710 excellentibus
967 1647 1103 1711 mutuati
1120 1655 1193 1712 sunt
1206 1670 1213 1712 :
1225 1650 1281 1713 sed

122 1772 195 1817 vere
212 1755 347 1817 Humani
362 1755 525 1838 propriam
552 1753 671 1835 ingenii
686 1753 733 1817 sui
748 1761 905 1828 naturam,
921 1772 995 1818 cum
1022 1754 1056 1818 in
1076 1755 1204 1819 dicendi
1227 1773 1281 1838 ge-

123 1880 210 1933 nere,
234 1869 303 1926 tum
321 1863 355 1926 in
370 1865 519 1944 operibus
533 1863 775 1943 componendis,
797 1861 1006 1925 retinuerunt.

162 1972 256 2034 Dore
269 1973 406 2034 multum
420 1971 581 2052 disputata
593 1970 672 2033 mihi
697 1971 788 2034 venia
801 1972 895 2033 detur
908 1971 962 2034 hic
978 1989 1076 2050 pauca
1099 1974 1278 2036 disserenti.

123 2078 270 2141 Primum
303 2078 337 2141 in
363 2078 417 2142 illa
438 2080 616 2160 quaestione
640 2096 692 2141 me
711 2079 917 2142 vehementer
947 2086 1053 2143 movet
1073 2083 1169 2144 ardor
1187 2086 1283 2160 atque

123 2188 264 2269 impetus
278 2186 376 2250 animi
391 2187 589 2262 criticorum,
603 2185 659 2266 qui
670 2185 949 2268 poetaslacessitos
965 2187 1186 2249 defenderunt.
1199 2187 1282 2268 Ergo

122 2296 291 2360 hominum
310 2297 415 2360 studia
441 2297 475 2358 in
498 2314 553 2360 eos
579 2297 694 2359 collata
716 2303 808 2372 sunt;
839 2314 914 2376 ergo
933 2296 967 2358 in
983 2313 1092 2359 amore
1105 2303 1138 2360 et
1159 2295 1282 2361 deliciis

122 2405 222 2468 luere.
247 2404 338 2477 Quod
364 2406 508 2487 prolecto
537 2403 653 2466 iisdem
679 2421 744 2466 non
763 2403 958 2484 contigisset,
979 2404 1040 2466 nisi
1061 2403 1207 2485 quaedam
1236 2405 1282 2468 vis
1372 2409 1373 2412 ’

125 2514 221 2576 insita
243 2532 280 2577 ac
294 2514 463 2594 peculiaris
477 2514 511 2575 in
532 2513 730 2577 carminibus
751 2513 878 2576 inesset.
899 2515 978 2576 Nam
993 2512 1019 2575 si
1040 2514 1112 2594 quis
1125 2513 1295 2577 imitando,

122 2621 262 2701 exempli
288 2627 412 2684 motum
427 2627 459 2685 et
475 2622 614 2685 calorem
638 2622 671 2683 in
694 2639 785 2684 suam
808 2621 1007 2684 transtulerit
1026 2621 1177 2702 linguam,
1205 2639 1283 2702 quo

124 2728 299 2792 dammodo
326 2733 438 2792 auctor
465 2729 533 2809 ipse
556 2729 730 2792 existimari
755 2732 870 2811 potest.
900 2726 988 2790 Illius
1005 2732 1092 2790 certe
1120 2747 1185 2791 non
1207 2734 1282 2791 sunt

123 2852 236 2898 omnes
257 2837 422 2899 sententiae
445 2856 453 2900 :
476 2838 531 2899 sed
546 2836 572 2899 si
584 2837 712 2900 easdem
727 2837 761 2898 in
784 2854 932 2900 sermone
952 2855 1010 2899 suo
1036 2838 1148 2899 eadem
1163 2856 1225 2917 qua
1240 2837 1279 2913 is,

122 2963 219 3027 quem
233 2947 387 3022 imitatur,
403 2945 595 3027 expresserit
617 2944 813 3023 incitatione,
838 2947 877 3008 ad
889 2947 994 3009 lucem
1009 2945 1098 3027 quasi
1120 2945 1281 3010 restitutas

122 3061 259 3118 recreat.
291 3057 490 3120 lmitatorem
522 3056 608 3120 enlm
634 3055 730 3117 istum
764 3054 912 3136 appella,
942 3053 996 3133 qui
1024 3072 1151 3116 sensum
1178 3056 1283 3136 cujus-

122 3162 197 3224 dam
213 3163 368 3225 0rationis
380 3162 622 3243 diligentissime
640 3160 757 3223 reddit.
774 3162 816 3222 At
838 3159 940 3236 illum,
965 3161 1031 3241 qui,
1049 3167 1123 3242 post
1136 3162 1279 3240 Iliadem,

122 3269 156 3331 in
177 3269 240 3332 alia
264 3269 392 3351 lingua,
420 3287 530 3333 mrsus
555 3268 803 3331 Andromachen
832 3273 864 3330 et
890 3269 1026 3331 Hectora
1049 3269 1132 3331 inter
1158 3286 1191 3332 se
1217 3271 1283 3332 col-

122 3372 290 3452 loquentes
319 3371 498 3448 induceret,
527 3370 571 3434 ita
594 3376 631 3434 ut
660 3369 875 3451 spectantium
903 3377 958 3434 aut
983 3372 1157 3454 legentium
1184 3375 1283 3437 animi

122 3482 235 3544 eedem
266 3480 470 3544 miseratione
499 3486 713 3557 moverentur,
745 3480 851 3557 illum,
871 3480 1013 3562 inquam,
1041 3500 1146 3545 nonne
1165 3483 1281 3546 merito

121 3592 246 3656 diceres
269 3592 355 3655 baud
371 3609 501 3672 prorsus
526 3593 665 3654 Homero
688 3590 844 3669 imparem
872 3590 974 3652 varios
1005 3590 1120 3654 mentis
1148 3593 1281 3656 aflectus

120 3700 185 3761 alte
199 3699 404 3778 perpexisse‘l
424 3700 504 3760 Nam
522 3696 602 3759 nulli
626 3696 781 3758 imitabile
805 3696 961 3776 quidquid
983 3715 1056 3760 acre
1075 3699 1151 3762 vivit
1167 3705 1199 3762 et
1216 3702 1282 3779 ple·

121 3824 200 3868 num
218 3805 357 3885 spiritus.
384 3807 452 3868 lmo
476 3805 501 3866 si
521 3805 592 3884 quis
606 3808 730 3866 tantum
745 3803 786 3864 sit
799 3803 952 3880 imitator,
982 3822 1083 3885 neque
1106 3807 1283 3888 quidquam

119 3911 237 3975 babeat
251 3913 336 3976 unde
350 3913 481 3992 praestet
506 3910 589 3973 inter
618 3913 755 3984 ceteros,
779 3909 838 3971 iste
866 3910 1038 3972 mediocris
1065 3912 1282 3995 ingloriusque

119 4024 216 4097 poeta
245 4017 398 4081 oblivioni
425 4019 518 4080 datur
554 4036 562 4079 :
599 4016 688 4078 nullo
714 4016 833 4096 quippe
861 4019 959 4080 modo
991 4019 1156 4082 memoriae
1181 4019 1282 4086 haret

120 4125 247 4188 infixus.

160 4232 309 4296 Horatius
342 4237 450 4295 autem
476 4237 509 4294 et
535 4230 698 4311 Virgilius,
727 4231 760 4292 in
790 4231 917 4311 poetica
949 4232 1135 4313 singulares,
1171 4237 1280 4300 nescio

121 4355 219 4420 quem
247 4357 315 4421 prae
340 4357 374 4402 se
401 4341 508 4402 lerunt
532 4342 667 4419 vultum,
693 4357 760 4420 quo
782 4346 993 4404 secernuntur
1016 4360 1035 4404 a
1060 4343 1278 4408 multitudine.
