<?xml version="1.0" encoding="UTF-8"?>
<!DOCTYPE html PUBLIC "-//W3C//DTD XHTML 1.0 Transitional//EN"
    "http://www.w3.org/TR/xhtml1/DTD/xhtml1-transitional.dtd">
<html xmlns="http://www.w3.org/1999/xhtml" xml:lang="en" lang="en">
 <head>
  <title>
</title>
<meta http-equiv="Content-Type" content="text/html;charset=utf-8" />
  <meta name='ocr-system' content='tesseract 3.04.00' />
  <meta name='ocr-capabilities' content='ocr_page ocr_carea ocr_par ocr_line ocrx_word'/>
</head>
<body>
  <div class='ocr_page' id='page_1' title='image "./demtciceronegrc00clavgoog_0040.png"; bbox 0 0 2790 4770; ppageno 0'>
   <div class='ocr_carea' id='block_1_1' title="bbox 575 355 753 419">
    <p class='ocr_par' dir='ltr' id='par_1_1' title="bbox 575 355 753 419">
     <span class='ocr_line' id='line_1_1' title="bbox 575 355 753 419; baseline -0.006 -13"><span class='ocrx_word' id='word_1_1' title='bbox 575 355 753 419; x_wconf 75' lang='lat'>-15-</span> 
     </span>
    </p>
   </div>
   <div class='ocr_carea' id='block_1_2' title="bbox 83 496 1239 690">
    <p class='ocr_par' dir='ltr' id='par_1_2' title="bbox 83 496 1239 690">
     <span class='ocr_line' id='line_1_2' title="bbox 84 496 1239 581; baseline -0.001 -18"><span class='ocrx_word' id='word_1_2' title='bbox 84 506 193 563; x_wconf 88' lang='lat' dir='ltr'>menta</span> <span class='ocrx_word' id='word_1_3' title='bbox 209 499 420 570; x_wconf 88' lang='lat' dir='ltr'>admovend0,</span> <span class='ocrx_word' id='word_1_4' title='bbox 437 496 613 558; x_wconf 90' lang='lat' dir='ltr'>locutiones</span> <span class='ocrx_word' id='word_1_5' title='bbox 626 497 692 574; x_wconf 81' lang='lat' dir='ltr'>ejus</span> <span class='ocrx_word' id='word_1_6' title='bbox 707 497 832 577; x_wconf 87' lang='lat' dir='ltr'>generis</span> <span class='ocrx_word' id='word_1_7' title='bbox 846 499 1021 562; x_wconf 88' lang='lat' dir='ltr'>efficerent.</span> <span class='ocrx_word' id='word_1_8' title='bbox 1038 502 1147 581; x_wconf 84' lang='lat' dir='ltr'>Neque</span> <span class='ocrx_word' id='word_1_9' title='bbox 1166 503 1239 563; x_wconf 69' lang='grc' dir='ltr'>Νω-</span> 
     </span>
     <span class='ocr_line' id='line_1_3' title="bbox 83 603 1238 690; baseline 0 -19"><span class='ocrx_word' id='word_1_10' title='bbox 83 609 170 672; x_wconf 87' lang='lat' dir='ltr'>vium</span> <span class='ocrx_word' id='word_1_11' title='bbox 190 608 267 669; x_wconf 88' lang='lat' dir='ltr'>falsa</span> <span class='ocrx_word' id='word_1_12' title='bbox 286 608 356 669; x_wconf 85' lang='lat' dir='ltr'>haec</span> <span class='ocrx_word' id='word_1_13' title='bbox 377 604 486 683; x_wconf 92' lang='lat' dir='ltr'>opinio</span> <span class='ocrx_word' id='word_1_14' title='bbox 506 603 628 667; x_wconf 88' lang='lat' dir='ltr'>habuit.</span> <span class='ocrx_word' id='word_1_15' title='bbox 653 606 752 668; x_wconf 91' lang='lat' dir='ltr'>Nemo</span> <span class='ocrx_word' id='word_1_16' title='bbox 768 607 853 667; x_wconf 90' lang='lat' dir='ltr'>enim</span> <span class='ocrx_word' id='word_1_17' title='bbox 870 607 1017 670; x_wconf 89' lang='lat' dir='ltr'>dubitare</span> <span class='ocrx_word' id='word_1_18' title='bbox 1038 613 1143 688; x_wconf 90' lang='lat' dir='ltr'>potest</span> <span class='ocrx_word' id='word_1_19' title='bbox 1161 612 1238 690; x_wconf 91' lang='lat' dir='ltr'>quin</span> 
     </span>
    </p>
   </div>
   <div class='ocr_carea' id='block_1_3' title="bbox 11 719 1307 3602">
    <p class='ocr_par' dir='ltr' id='par_1_3' title="bbox 80 719 1240 2631">
     <span class='ocr_line' id='line_1_4' title="bbox 82 719 1240 805; baseline -0.003 -18"><span class='ocrx_word' id='word_1_20' title='bbox 82 727 145 788; x_wconf 90' lang='lat' dir='ltr'>ista</span> <span class='ocrx_word' id='word_1_21' title='bbox 161 725 275 803; x_wconf 88' lang='lat' dir='ltr'>linguae</span> <span class='ocrx_word' id='word_1_22' title='bbox 297 721 436 784; x_wconf 89' lang='lat' dir='ltr'>ditandae</span> <span class='ocrx_word' id='word_1_23' title='bbox 450 721 531 782; x_wconf 89' lang='lat' dir='ltr'>ratio</span> <span class='ocrx_word' id='word_1_24' title='bbox 549 721 704 799; x_wconf 86' lang='lat' dir='ltr'>quasdam</span> <span class='ocrx_word' id='word_1_25' title='bbox 718 719 802 783; x_wconf 89' lang='lat' dir='ltr'>haud</span> <span class='ocrx_word' id='word_1_26' title='bbox 825 739 936 800; x_wconf 86' lang='lat' dir='ltr'>parvas</span> <span class='ocrx_word' id='word_1_27' title='bbox 954 725 1138 805; x_wconf 83' lang='lat' dir='ltr'>auctoribus</span> <span class='ocrx_word' id='word_1_28' title='bbox 1154 723 1240 786; x_wconf 88' lang='lat' dir='ltr'>utili-</span> 
     </span>
     <span class='ocr_line' id='line_1_5' title="bbox 80 825 1237 912; baseline 0 -18"><span class='ocrx_word' id='word_1_29' title='bbox 80 838 163 895; x_wconf 81' lang='lat' dir='ltr'><strong>tates</strong></span> <span class='ocrx_word' id='word_1_30' title='bbox 175 833 327 912; x_wconf 86' lang='lat' dir='ltr'>praebeat.</span> <span class='ocrx_word' id='word_1_31' title='bbox 341 829 464 909; x_wconf 80' lang='lat' dir='ltr'>Quippe</span> <span class='ocrx_word' id='word_1_32' title='bbox 476 825 616 907; x_wconf 92' lang='lat' dir='ltr'>primum</span> <span class='ocrx_word' id='word_1_33' title='bbox 628 846 666 890; x_wconf 83' lang='lat' dir='ltr'>ex</span> <span class='ocrx_word' id='word_1_34' title='bbox 675 829 736 890; x_wconf 91' lang='lat' dir='ltr'>hoc</span> <span class='ocrx_word' id='word_1_35' title='bbox 747 830 891 908; x_wconf 90' lang='lat' dir='ltr'>sequitur</span> <span class='ocrx_word' id='word_1_36' title='bbox 900 837 937 892; x_wconf 92' lang='lat' dir='ltr'>ut</span> <span class='ocrx_word' id='word_1_37' title='bbox 947 832 1034 893; x_wconf 93' lang='lat' dir='ltr'>idem</span> <span class='ocrx_word' id='word_1_38' title='bbox 1046 833 1237 895; x_wconf 89' lang='lat' dir='ltr'>vocabulum</span> 
     </span>
     <span class='ocr_line' id='line_1_6' title="bbox 82 935 1239 1020; baseline 0 -20"><span class='ocrx_word' id='word_1_39' title='bbox 82 940 190 1020; x_wconf 92' lang='lat' dir='ltr'>plures</span> <span class='ocrx_word' id='word_1_40' title='bbox 208 956 314 1002; x_wconf 90' lang='lat' dir='ltr'>rerum</span> <span class='ocrx_word' id='word_1_41' title='bbox 329 937 486 1011; x_wconf 81' lang='lat' dir='ltr'>notiones,</span> <span class='ocrx_word' id='word_1_42' title='bbox 504 953 581 1015; x_wconf 86' lang='lat' dir='ltr'>quas</span> <span class='ocrx_word' id='word_1_43' title='bbox 591 935 657 1014; x_wconf 87' lang='lat' dir='ltr'>jam</span> <span class='ocrx_word' id='word_1_44' title='bbox 669 942 742 998; x_wconf 87' lang='lat' dir='ltr'>ante</span> <span class='ocrx_word' id='word_1_45' title='bbox 758 954 848 998; x_wconf 90' lang='lat' dir='ltr'>mens</span> <span class='ocrx_word' id='word_1_46' title='bbox 863 937 931 1017; x_wconf 90' lang='lat' dir='ltr'>ipsa</span> <span class='ocrx_word' id='word_1_47' title='bbox 942 940 1116 1018; x_wconf 87' lang='lat' dir='ltr'>legentium</span> <span class='ocrx_word' id='word_1_48' title='bbox 1131 940 1239 1001; x_wconf 91' lang='lat' dir='ltr'>arctis·</span> 
     </span>
     <span class='ocr_line' id='line_1_7' title="bbox 83 1042 1239 1124; baseline 0 -16"><span class='ocrx_word' id='word_1_49' title='bbox 83 1048 169 1109; x_wconf 92' lang='lat' dir='ltr'>simo</span> <span class='ocrx_word' id='word_1_50' title='bbox 190 1047 316 1109; x_wconf 88' lang='lat' dir='ltr'>vinculo</span> <span class='ocrx_word' id='word_1_51' title='bbox 335 1043 497 1124; x_wconf 90' lang='lat' dir='ltr'>jungebat,</span> <span class='ocrx_word' id='word_1_52' title='bbox 524 1042 557 1103; x_wconf 90' lang='lat' dir='ltr'>in</span> <span class='ocrx_word' id='word_1_53' title='bbox 571 1059 636 1103; x_wconf 91' lang='lat' dir='ltr'>uno</span> <span class='ocrx_word' id='word_1_54' title='bbox 657 1043 808 1104; x_wconf 90' lang='lat' dir='ltr'>collectas</span> <span class='ocrx_word' id='word_1_55' title='bbox 829 1046 1057 1122; x_wconf 74' lang='lat' dir='ltr'>amplectatur,</span> <span class='ocrx_word' id='word_1_56' title='bbox 1074 1045 1189 1108; x_wconf 90' lang='lat' dir='ltr'>deinde</span> <span class='ocrx_word' id='word_1_57' title='bbox 1203 1052 1239 1108; x_wconf 91' lang='lat' dir='ltr'>ut</span> 
     </span>
     <span class='ocr_line' id='line_1_8' title="bbox 81 1149 1240 1231; baseline -0.002 -14"><span class='ocrx_word' id='word_1_58' title='bbox 81 1154 251 1228; x_wconf 85' lang='lat' dir='ltr'>sententia,</span> <span class='ocrx_word' id='word_1_59' title='bbox 269 1169 381 1231; x_wconf 90' lang='lat' dir='ltr'>parum</span> <span class='ocrx_word' id='word_1_60' title='bbox 406 1150 584 1212; x_wconf 91' lang='lat' dir='ltr'>commodis</span> <span class='ocrx_word' id='word_1_61' title='bbox 595 1149 662 1229; x_wconf 87' lang='lat' dir='ltr'>jam</span> <span class='ocrx_word' id='word_1_62' title='bbox 679 1167 742 1211; x_wconf 92' lang='lat' dir='ltr'>non</span> <span class='ocrx_word' id='word_1_63' title='bbox 757 1149 913 1229; x_wconf 90' lang='lat' dir='ltr'>impedita</span> <span class='ocrx_word' id='word_1_64' title='bbox 927 1153 1069 1228; x_wconf 88' lang='lat' dir='ltr'>vocibus,</span> <span class='ocrx_word' id='word_1_65' title='bbox 1093 1152 1193 1214; x_wconf 91' lang='lat' dir='ltr'>levior</span> <span class='ocrx_word' id='word_1_66' title='bbox 1207 1159 1240 1215; x_wconf 93' lang='lat' dir='ltr'>et</span> 
     </span>
     <span class='ocr_line' id='line_1_9' title="bbox 82 1257 1237 1341; baseline -0.003 -15"><span class='ocrx_word' id='word_1_67' title='bbox 82 1262 264 1341; x_wconf 79' lang='lat' dir='ltr'>expeditior</span> <span class='ocrx_word' id='word_1_68' title='bbox 287 1261 424 1321; x_wconf 90' lang='lat' dir='ltr'>incedat.</span> <span class='ocrx_word' id='word_1_69' title='bbox 441 1260 535 1319; x_wconf 88' lang='lat' dir='ltr'>-At</span> <span class='ocrx_word' id='word_1_70' title='bbox 558 1258 613 1337; x_wconf 91' lang='lat' dir='ltr'>qui</span> <span class='ocrx_word' id='word_1_71' title='bbox 632 1258 754 1337; x_wconf 91' lang='lat' dir='ltr'>primus</span> <span class='ocrx_word' id='word_1_72' title='bbox 774 1257 966 1337; x_wconf 90' lang='lat' dir='ltr'>compositas</span> <span class='ocrx_word' id='word_1_73' title='bbox 987 1261 1142 1322; x_wconf 81' lang='lat' dir='ltr'>dictiones</span> <span class='ocrx_word' id='word_1_74' title='bbox 1163 1280 1237 1340; x_wconf 90' lang='lat' dir='ltr'>pro-</span> 
     </span>
     <span class='ocr_line' id='line_1_10' title="bbox 83 1363 1238 1446; baseline -0.001 -15"><span class='ocrx_word' id='word_1_75' title='bbox 83 1369 184 1444; x_wconf 82' lang='lat' dir='ltr'>ducit,</span> <span class='ocrx_word' id='word_1_76' title='bbox 201 1368 253 1430; x_wconf 90' lang='lat' dir='ltr'>hic</span> <span class='ocrx_word' id='word_1_77' title='bbox 265 1369 298 1428; x_wconf 94' lang='lat' dir='ltr'>in</span> <span class='ocrx_word' id='word_1_78' title='bbox 314 1367 357 1429; x_wconf 90' lang='lat' dir='ltr'>eis</span> <span class='ocrx_word' id='word_1_79' title='bbox 380 1363 535 1445; x_wconf 91' lang='lat' dir='ltr'>fingendis</span> <span class='ocrx_word' id='word_1_80' title='bbox 549 1369 660 1425; x_wconf 88' lang='lat' dir='ltr'>cautus</span> <span class='ocrx_word' id='word_1_81' title='bbox 679 1380 715 1425; x_wconf 92' lang='lat' dir='ltr'>ac</span> <span class='ocrx_word' id='word_1_82' title='bbox 730 1363 834 1426; x_wconf 92' lang='lat' dir='ltr'>tenuis</span> <span class='ocrx_word' id='word_1_83' title='bbox 849 1382 917 1427; x_wconf 89' lang='lat' dir='ltr'>esse</span> <span class='ocrx_word' id='word_1_84' title='bbox 942 1366 1053 1442; x_wconf 88' lang='lat' dir='ltr'>dehet;</span> <span class='ocrx_word' id='word_1_85' title='bbox 1079 1385 1182 1446; x_wconf 91' lang='lat' dir='ltr'>neque</span> <span class='ocrx_word' id='word_1_86' title='bbox 1200 1385 1238 1429; x_wconf 81' lang='lat' dir='ltr'>ex</span> 
     </span>
     <span class='ocr_line' id='line_1_11' title="bbox 81 1472 1238 1556; baseline -0.001 -18"><span class='ocrx_word' id='word_1_87' title='bbox 81 1479 172 1540; x_wconf 92' lang='lat' dir='ltr'>omni</span> <span class='ocrx_word' id='word_1_88' title='bbox 186 1479 275 1556; x_wconf 87' lang='lat' dir='ltr'>parte</span> <span class='ocrx_word' id='word_1_89' title='bbox 288 1476 488 1553; x_wconf 88' lang='lat' dir='ltr'>excerpenda</span> <span class='ocrx_word' id='word_1_90' title='bbox 499 1478 582 1548; x_wconf 88' lang='lat' dir='ltr'>sunt,</span> <span class='ocrx_word' id='word_1_91' title='bbox 598 1478 635 1534; x_wconf 92' lang='lat' dir='ltr'>ut</span> <span class='ocrx_word' id='word_1_92' title='bbox 648 1472 692 1534; x_wconf 88' lang='lat' dir='ltr'>ait</span> <span class='ocrx_word' id='word_1_93' title='bbox 705 1473 844 1552; x_wconf 88' lang='lat' dir='ltr'>scriptor</span> <span class='ocrx_word' id='word_1_94' title='bbox 859 1475 942 1535; x_wconf 88' lang='lat' dir='ltr'>inter</span> <span class='ocrx_word' id='word_1_95' title='bbox 956 1481 1099 1537; x_wconf 80' lang='lat' dir='ltr'>recentes</span> <span class='ocrx_word' id='word_1_96' title='bbox 1111 1476 1238 1556; x_wconf 90' lang='lat' dir='ltr'>ingenio</span> 
     </span>
     <span class='ocr_line' id='line_1_12' title="bbox 81 1581 1237 1665; baseline 0.001 -19"><span class='ocrx_word' id='word_1_97' title='bbox 81 1589 237 1664; x_wconf 86' lang='lat' dir='ltr'>praestans</span> <span class='ocrx_word' id='word_1_98' title='bbox 252 1583 304 1663; x_wconf 90' lang='lat' dir='ltr'>(l),</span> <span class='ocrx_word' id='word_1_99' title='bbox 317 1599 529 1662; x_wconf 79' lang='lat' dir='ltr'>quaecumque</span> <span class='ocrx_word' id='word_1_100' title='bbox 540 1581 676 1644; x_wconf 88' lang='lat' dir='ltr'>orationi</span> <span class='ocrx_word' id='word_1_101' title='bbox 689 1582 806 1656; x_wconf 87' lang='lat' dir='ltr'>lucem,</span> <span class='ocrx_word' id='word_1_102' title='bbox 822 1581 1009 1645; x_wconf 89' lang='lat' dir='ltr'>brevitatem</span> <span class='ocrx_word' id='word_1_103' title='bbox 1023 1602 1237 1665; x_wconf 89' lang='lat' dir='ltr'>sonorumque</span> 
     </span>
     <span class='ocr_line' id='line_1_13' title="bbox 81 1688 1236 1769; baseline -0.002 -14"><span class='ocrx_word' id='word_1_104' title='bbox 81 1697 275 1755; x_wconf 83' lang='lat' dir='ltr'>concentum</span> <span class='ocrx_word' id='word_1_105' title='bbox 290 1691 408 1751; x_wconf 85' lang='lat' dir='ltr'>addere</span> <span class='ocrx_word' id='word_1_106' title='bbox 423 1693 551 1767; x_wconf 84' lang='lat' dir='ltr'>queant.</span> <span class='ocrx_word' id='word_1_107' title='bbox 567 1688 646 1750; x_wconf 89' lang='lat' dir='ltr'>Sunt</span> <span class='ocrx_word' id='word_1_108' title='bbox 661 1689 746 1749; x_wconf 92' lang='lat' dir='ltr'>enim</span> <span class='ocrx_word' id='word_1_109' title='bbox 761 1690 878 1768; x_wconf 87' lang='lat' dir='ltr'>linguae</span> <span class='ocrx_word' id='word_1_110' title='bbox 902 1708 973 1769; x_wconf 84' lang='lat' dir='ltr'>quae</span> <span class='ocrx_word' id='word_1_111' title='bbox 993 1692 1108 1753; x_wconf 90' lang='lat' dir='ltr'>talibus</span> <span class='ocrx_word' id='word_1_112' title='bbox 1131 1692 1236 1754; x_wconf 90' lang='lat' dir='ltr'>verbis</span> 
     </span>
     <span class='ocr_line' id='line_1_14' title="bbox 81 1795 1237 1877; baseline 0.001 -15"><span class='ocrx_word' id='word_1_113' title='bbox 81 1799 215 1863; x_wconf 91' lang='lat' dir='ltr'>omnino</span> <span class='ocrx_word' id='word_1_114' title='bbox 229 1802 415 1877; x_wconf 86' lang='lat' dir='ltr'>repugnant.</span> <span class='ocrx_word' id='word_1_115' title='bbox 430 1795 526 1858; x_wconf 91' lang='lat' dir='ltr'>Nobis</span> <span class='ocrx_word' id='word_1_116' title='bbox 539 1797 682 1874; x_wconf 90' lang='lat' dir='ltr'>profecto</span> <span class='ocrx_word' id='word_1_117' title='bbox 697 1797 856 1859; x_wconf 83' lang='lat' dir='ltr'>feliciores</span> <span class='ocrx_word' id='word_1_118' title='bbox 870 1797 974 1860; x_wconf 81' lang='lat' dir='ltr'>Latini</span> <span class='ocrx_word' id='word_1_119' title='bbox 990 1802 1115 1862; x_wconf 80' lang='lat' dir='ltr'>Graecos</span> <span class='ocrx_word' id='word_1_120' title='bbox 1130 1800 1162 1861; x_wconf 90' lang='lat' dir='ltr'>in</span> <span class='ocrx_word' id='word_1_121' title='bbox 1177 1802 1237 1864; x_wconf 90' lang='lat' dir='ltr'>hac</span> 
     </span>
     <span class='ocr_line' id='line_1_15' title="bbox 80 1893 1235 1994; baseline -0.001 -23"><span class='ocrx_word' id='word_1_122' title='bbox 80 1927 114 1971; x_wconf 89' lang='lat' dir='ltr'>re</span> <span class='ocrx_word' id='word_1_123' title='bbox 131 1908 275 1969; x_wconf 89' lang='lat' dir='ltr'>imitandi</span> <span class='ocrx_word' id='word_1_124' title='bbox 296 1904 458 1966; x_wconf 85' lang='lat' dir='ltr'>licentiam</span> <span class='ocrx_word' id='word_1_125' title='bbox 484 1902 546 1994; x_wconf 85' lang='lat' dir='ltr'>sibi</span> <span class='ocrx_word' id='word_1_126' title='bbox 567 1909 782 1982; x_wconf 90' lang='lat' dir='ltr'>sumpserunt;</span> <span class='ocrx_word' id='word_1_127' title='bbox 811 1905 865 1966; x_wconf 92' lang='lat' dir='ltr'>sed</span> <span class='ocrx_word' id='word_1_128' title='bbox 899 1907 1041 1985; x_wconf 89' lang='lat' dir='ltr'>quamvis</span> <span class='ocrx_word' id='word_1_129' title='bbox 1058 1893 1163 1969; x_wconf 85' lang='lat' dir='ltr'>¹multa</span> <span class='ocrx_word' id='word_1_130' title='bbox 1187 1911 1235 1970; x_wconf 82' lang='lat' dir='ltr'>vel</span> 
     </span>
     <span class='ocr_line' id='line_1_16' title="bbox 80 2011 1236 2097; baseline 0.003 -20"><span class='ocrx_word' id='word_1_131' title='bbox 80 2017 220 2077; x_wconf 86' lang='lat' dir='ltr'>maxime</span> <span class='ocrx_word' id='word_1_132' title='bbox 234 2015 441 2077; x_wconf 89' lang='lat' dir='ltr'>desideranda</span> <span class='ocrx_word' id='word_1_133' title='bbox 456 2011 690 2091; x_wconf 88' lang='lat' dir='ltr'>acquisiverint,</span> <span class='ocrx_word' id='word_1_134' title='bbox 706 2012 766 2092; x_wconf 90' lang='lat' dir='ltr'>ipsi</span> <span class='ocrx_word' id='word_1_135' title='bbox 778 2019 886 2076; x_wconf 90' lang='lat' dir='ltr'>tamen</span> <span class='ocrx_word' id='word_1_136' title='bbox 900 2020 986 2077; x_wconf 85' lang='lat' dir='ltr'>extra</span> <span class='ocrx_word' id='word_1_137' title='bbox 1001 2018 1135 2078; x_wconf 89' lang='lat' dir='ltr'>modum</span> <span class='ocrx_word' id='word_1_138' title='bbox 1152 2037 1236 2097; x_wconf 89' lang='lat' dir='ltr'>saepe</span> 
     </span>
     <span class='ocr_line' id='line_1_17' title="bbox 80 2121 1236 2206; baseline 0.003 -21"><span class='ocrx_word' id='word_1_139' title='bbox 80 2125 280 2206; x_wconf 86' lang='lat' dir='ltr'>prodierunt,</span> <span class='ocrx_word' id='word_1_140' title='bbox 298 2141 357 2185; x_wconf 89' lang='lat' dir='ltr'>nec</span> <span class='ocrx_word' id='word_1_141' title='bbox 374 2122 534 2183; x_wconf 89' lang='lat' dir='ltr'>immerito</span> <span class='ocrx_word' id='word_1_142' title='bbox 549 2121 757 2192; x_wconf 83' lang='lat' dir='ltr'>Quintilianus</span> <span class='ocrx_word' id='word_1_143' title='bbox 773 2123 812 2184; x_wconf 91' lang='lat' dir='ltr'>de</span> <span class='ocrx_word' id='word_1_144' title='bbox 827 2124 997 2185; x_wconf 89' lang='lat' dir='ltr'>verborum</span> <span class='ocrx_word' id='word_1_145' title='bbox 1023 2125 1107 2188; x_wconf 88' lang='lat' dir='ltr'>inter</span> <span class='ocrx_word' id='word_1_146' title='bbox 1130 2146 1163 2188; x_wconf 92' lang='lat' dir='ltr'>se</span> <span class='ocrx_word' id='word_1_147' title='bbox 1182 2145 1236 2189; x_wconf 93' lang='lat' dir='ltr'>co-</span> 
     </span>
     <span class='ocr_line' id='line_1_18' title="bbox 80 2228 1233 2310; baseline 0.003 -18"><span class='ocrx_word' id='word_1_148' title='bbox 80 2229 296 2310; x_wconf 90' lang='lat' dir='ltr'>pulationibus</span> <span class='ocrx_word' id='word_1_149' title='bbox 317 2228 478 2290; x_wconf 91' lang='lat' dir='ltr'>scribens:</span> <span class='ocrx_word' id='word_1_150' title='bbox 499 2229 585 2288; x_wconf 76' lang='lat' dir='ltr'>«Res</span> <span class='ocrx_word' id='word_1_151' title='bbox 609 2233 686 2302; x_wconf 90' lang='lat' dir='ltr'>tota,</span> <span class='ocrx_word' id='word_1_152' title='bbox 712 2228 828 2307; x_wconf 83' lang='lat' dir='ltr'>inquit,</span> <span class='ocrx_word' id='word_1_153' title='bbox 856 2231 955 2309; x_wconf 88' lang='lat' dir='ltr'>magis</span> <span class='ocrx_word' id='word_1_154' title='bbox 977 2233 1103 2294; x_wconf 89' lang='lat' dir='ltr'>Graecos</span> <span class='ocrx_word' id='word_1_155' title='bbox 1129 2235 1233 2310; x_wconf 90' lang='lat' dir='ltr'>decet,</span> 
     </span>
     <span class='ocr_line' id='line_1_19' title="bbox 81 2334 1236 2422; baseline 0.002 -22"><span class='ocrx_word' id='word_1_156' title='bbox 81 2339 176 2401; x_wconf 91' lang='lat' dir='ltr'>nobis</span> <span class='ocrx_word' id='word_1_157' title='bbox 198 2338 306 2399; x_wconf 90' lang='lat' dir='ltr'>minus</span> <span class='ocrx_word' id='word_1_158' title='bbox 323 2337 483 2411; x_wconf 89' lang='lat' dir='ltr'>succedit;</span> <span class='ocrx_word' id='word_1_159' title='bbox 504 2353 562 2397; x_wconf 90' lang='lat' dir='ltr'>nec</span> <span class='ocrx_word' id='word_1_160' title='bbox 578 2334 609 2396; x_wconf 94' lang='lat' dir='ltr'>id</span> <span class='ocrx_word' id='word_1_161' title='bbox 631 2336 699 2397; x_wconf 89' lang='lat' dir='ltr'>fieri</span> <span class='ocrx_word' id='word_1_162' title='bbox 718 2343 830 2397; x_wconf 83' lang='lat' dir='ltr'>natu-ra</span> <span class='ocrx_word' id='word_1_163' title='bbox 844 2343 934 2415; x_wconf 85' lang='lat' dir='ltr'>puto,</span> <span class='ocrx_word' id='word_1_164' title='bbox 956 2340 1011 2399; x_wconf 91' lang='lat' dir='ltr'>sed</span> <span class='ocrx_word' id='word_1_165' title='bbox 1028 2340 1135 2401; x_wconf 80' lang='lat' dir='ltr'>olienis</span> <span class='ocrx_word' id='word_1_166' title='bbox 1151 2345 1236 2422; x_wconf 78' lang='lat' dir='ltr'>saee-</span> 
     </span>
     <span class='ocr_line' id='line_1_20' title="bbox 81 2441 1234 2524; baseline 0.003 -17"><span class='ocrx_word' id='word_1_167' title='bbox 81 2465 169 2520; x_wconf 77' lang='lat' dir='ltr'>mrer;</span> <span class='ocrx_word' id='word_1_168' title='bbox 200 2444 336 2524; x_wconf 90' lang='lat' dir='ltr'>ideoque</span> <span class='ocrx_word' id='word_1_169' title='bbox 360 2460 461 2524; x_wconf 93' lang='lat' dir='ltr'>quum</span> <span class='ocrx_word' id='word_1_170' title='bbox 491 2441 655 2523; x_wconf 78' lang='grc' dir='ltr'>κυρταυχένα</span> <span class='ocrx_word' id='word_1_171' title='bbox 677 2443 781 2504; x_wconf 86' lang='lat' dir='ltr'>mirati</span> <span class='ocrx_word' id='word_1_172' title='bbox 804 2462 933 2520; x_wconf 92' lang='lat' dir='ltr'>sumus,</span> <span class='ocrx_word' id='word_1_173' title='bbox 966 2448 1234 2510; x_wconf 81' lang='lat' dir='ltr'>incurvicervicum</span> 
     </span>
     <span class='ocr_line' id='line_1_21' title="bbox 81 2549 563 2631; baseline -0.012 -17"><span class='ocrx_word' id='word_1_174' title='bbox 81 2553 136 2614; x_wconf 85' lang='lat' dir='ltr'>vix</span> <span class='ocrx_word' id='word_1_175' title='bbox 149 2570 167 2613; x_wconf 89' lang='lat' dir='ltr'>a</span> <span class='ocrx_word' id='word_1_176' title='bbox 181 2552 246 2613; x_wconf 91' lang='lat' dir='ltr'>risu</span> <span class='ocrx_word' id='word_1_177' title='bbox 261 2552 462 2614; x_wconf 83' lang='lat' dir='ltr'>defendimus</span> <span class='ocrx_word' id='word_1_178' title='bbox 478 2549 530 2631; x_wconf 64' lang='grc' dir='ltr'>(ἓ).</span> <span class='ocrx_word' id='word_1_179' title='bbox 549 2572 563 2608; x_wconf 87' lang='lat' dir='ltr'>u</span> 
     </span>
    </p>

    <p class='ocr_par' dir='ltr' id='par_1_4' title="bbox 75 2657 1307 3388">
     <span class='ocr_line' id='line_1_22' title="bbox 121 2657 1235 2739; baseline 0.001 -18"><span class='ocrx_word' id='word_1_180' title='bbox 121 2657 241 2721; x_wconf 88' lang='lat' dir='ltr'>Alienis</span> <span class='ocrx_word' id='word_1_181' title='bbox 255 2658 365 2721; x_wconf 86' lang='lat' dir='ltr'>favisse</span> <span class='ocrx_word' id='word_1_182' title='bbox 380 2661 536 2719; x_wconf 84' lang='lat' dir='ltr'>Romanos</span> <span class='ocrx_word' id='word_1_183' title='bbox 548 2657 623 2718; x_wconf 88' lang='lat' dir='ltr'>satis</span> <span class='ocrx_word' id='word_1_184' title='bbox 640 2663 777 2732; x_wconf 82' lang='lat' dir='ltr'>constat3</span> <span class='ocrx_word' id='word_1_185' title='bbox 797 2663 828 2719; x_wconf 85' lang='lat' dir='ltr'>at</span> <span class='ocrx_word' id='word_1_186' title='bbox 842 2659 986 2739; x_wconf 88' lang='lat' dir='ltr'>plerique</span> <span class='ocrx_word' id='word_1_187' title='bbox 1005 2662 1235 2722; x_wconf 84' lang='lat' dir='ltr'>Grammatico-</span> 
     </span>
     <span class='ocr_line' id='line_1_23' title="bbox 79 2767 1235 2847; baseline 0 -16"><span class='ocrx_word' id='word_1_188' title='bbox 79 2770 198 2831; x_wconf 90' lang='lat' dir='ltr'>rumid</span> <span class='ocrx_word' id='word_1_189' title='bbox 219 2768 287 2830; x_wconf 89' lang='lat' dir='ltr'>lieri</span> <span class='ocrx_word' id='word_1_190' title='bbox 306 2774 417 2829; x_wconf 87' lang='lat' dir='ltr'>natura</span> <span class='ocrx_word' id='word_1_191' title='bbox 442 2772 564 2846; x_wconf 87' lang='lat' dir='ltr'>putant,</span> <span class='ocrx_word' id='word_1_192' title='bbox 581 2772 616 2828; x_wconf 93' lang='lat' dir='ltr'>ut</span> <span class='ocrx_word' id='word_1_193' title='bbox 630 2767 740 2842; x_wconf 90' lang='lat' dir='ltr'>multa,</span> <span class='ocrx_word' id='word_1_194' title='bbox 759 2785 775 2828; x_wconf 94' lang='lat' dir='ltr'>e</span> <span class='ocrx_word' id='word_1_195' title='bbox 797 2786 901 2847; x_wconf 86' lang='lat' dir='ltr'>graeco</span> <span class='ocrx_word' id='word_1_196' title='bbox 922 2769 1009 2830; x_wconf 90' lang='lat' dir='ltr'>fonte</span> <span class='ocrx_word' id='word_1_197' title='bbox 1031 2775 1111 2845; x_wconf 88' lang='lat' dir='ltr'>orta,</span> <span class='ocrx_word' id='word_1_198' title='bbox 1139 2771 1235 2831; x_wconf 88' lang='lat' dir='ltr'>fidem</span> 
     </span>
     <span class='ocr_line' id='line_1_24' title="bbox 79 2875 1235 2956; baseline 0.001 -18"><span class='ocrx_word' id='word_1_199' title='bbox 79 2877 361 2939; x_wconf 87' lang='lat' dir='ltr'>nullamvocabula</span> <span class='ocrx_word' id='word_1_200' title='bbox 372 2875 550 2937; x_wconf 89' lang='lat' dir='ltr'>habuerint.</span> <span class='ocrx_word' id='word_1_201' title='bbox 567 2877 630 2936; x_wconf 88' lang='lat' dir='ltr'>Hos</span> <span class='ocrx_word' id='word_1_202' title='bbox 640 2880 676 2937; x_wconf 90' lang='lat' dir='ltr'>ut</span> <span class='ocrx_word' id='word_1_203' title='bbox 689 2894 803 2956; x_wconf 90' lang='lat' dir='ltr'>sequar</span> <span class='ocrx_word' id='word_1_204' title='bbox 817 2877 950 2938; x_wconf 92' lang='lat' dir='ltr'>inclinat</span> <span class='ocrx_word' id='word_1_205' title='bbox 961 2880 1097 2939; x_wconf 91' lang='lat' dir='ltr'>animus.</span> <span class='ocrx_word' id='word_1_206' title='bbox 1115 2881 1235 2950; x_wconf 81' lang='lat' dir='ltr'>Quibus</span> 
     </span>
     <span class='ocr_line' id='line_1_25' title="bbox 78 2980 1236 3065; baseline 0.003 -22"><span class='ocrx_word' id='word_1_207' title='bbox 78 2981 167 3043; x_wconf 92' lang='lat' dir='ltr'>enim</span> <span class='ocrx_word' id='word_1_208' title='bbox 182 2983 282 3044; x_wconf 91' lang='lat' dir='ltr'>causis</span> <span class='ocrx_word' id='word_1_209' title='bbox 294 2983 377 3044; x_wconf 92' lang='lat' dir='ltr'>inter</span> <span class='ocrx_word' id='word_1_210' title='bbox 393 2983 448 3043; x_wconf 87' lang='lat' dir='ltr'>has</span> <span class='ocrx_word' id='word_1_211' title='bbox 464 2980 567 3057; x_wconf 78' lang='lat' dir='ltr'>Ennii,</span> <span class='ocrx_word' id='word_1_212' title='bbox 586 2999 656 3061; x_wconf 84' lang='lat' dir='ltr'>quae</span> <span class='ocrx_word' id='word_1_213' title='bbox 673 2982 821 3061; x_wconf 87' lang='lat' dir='ltr'>leguntur</span> <span class='ocrx_word' id='word_1_214' title='bbox 839 2983 932 3059; x_wconf 87' lang='lat' dir='ltr'>infra,</span> <span class='ocrx_word' id='word_1_215' title='bbox 953 2985 1127 3060; x_wconf 84' lang='lat' dir='ltr'>dictiones,</span> <span class='ocrx_word' id='word_1_216' title='bbox 1145 3004 1236 3065; x_wconf 90' lang='lat' dir='ltr'>quas-</span> 
     </span>
     <span class='ocr_line' id='line_1_26' title="bbox 77 3088 1233 3168; baseline 0.001 -18"><span class='ocrx_word' id='word_1_217' title='bbox 77 3090 156 3150; x_wconf 90' lang='lat' dir='ltr'>dam</span> <span class='ocrx_word' id='word_1_218' title='bbox 173 3088 304 3150; x_wconf 92' lang='lat' dir='ltr'>minime</span> <span class='ocrx_word' id='word_1_219' title='bbox 319 3088 466 3149; x_wconf 88' lang='lat' dir='ltr'>ridendas</span> <span class='ocrx_word' id='word_1_220' title='bbox 481 3088 522 3150; x_wconf 92' lang='lat' dir='ltr'>ob</span> <span class='ocrx_word' id='word_1_221' title='bbox 545 3093 699 3167; x_wconf 82' lang='lat' dir='ltr'>agrestem</span> <span class='ocrx_word' id='word_1_222' title='bbox 720 3089 871 3149; x_wconf 91' lang='lat' dir='ltr'>sonorum</span> <span class='ocrx_word' id='word_1_223' title='bbox 888 3088 1108 3168; x_wconf 84' lang='lat' dir='ltr'>asperitatem,</span> <span class='ocrx_word' id='word_1_224' title='bbox 1134 3097 1233 3152; x_wconf 88' lang='lat' dir='ltr'>matu-</span> 
     </span>
     <span class='ocr_line' id='line_1_27' title="bbox 77 3197 1307 3273; baseline -0.007 -10"><span class='ocrx_word' id='word_1_225' title='bbox 77 3202 146 3263; x_wconf 91' lang='lat' dir='ltr'>rius</span> <span class='ocrx_word' id='word_1_226' title='bbox 166 3199 356 3261; x_wconf 89' lang='lat' dir='ltr'>obsolevisse</span> <span class='ocrx_word' id='word_1_227' title='bbox 378 3199 573 3260; x_wconf 91' lang='lat' dir='ltr'>credendum</span> <span class='ocrx_word' id='word_1_228' title='bbox 598 3203 655 3273; x_wconf 91' lang='lat' dir='ltr'>est,</span> <span class='ocrx_word' id='word_1_229' title='bbox 678 3197 737 3258; x_wconf 93' lang='lat' dir='ltr'>nisi</span> <span class='ocrx_word' id='word_1_230' title='bbox 756 3200 884 3260; x_wconf 90' lang='lat' dir='ltr'>easdem</span> <span class='ocrx_word' id='word_1_231' title='bbox 907 3218 982 3260; x_wconf 91' lang='lat' dir='ltr'>usus</span> <span class='ocrx_word' id='word_1_232' title='bbox 1006 3199 1235 3262; x_wconf 90' lang='lat' dir='ltr'>delicatissimo</span> <span class='ocrx_word' id='word_1_233' title='bbox 1305 3250 1307 3255; x_wconf 24' lang='lat'><strong>⁴</strong></span> 
     </span>
     <span class='ocr_line' id='line_1_28' title="bbox 75 3303 1235 3388; baseline -0.003 -19"><span class='ocrx_word' id='word_1_234' title='bbox 75 3305 169 3388; x_wconf 89' lang='lat' dir='ltr'>quasi</span> <span class='ocrx_word' id='word_1_235' title='bbox 183 3305 335 3368; x_wconf 88' lang='lat' dir='ltr'>naturalis</span> <span class='ocrx_word' id='word_1_236' title='bbox 347 3305 461 3385; x_wconf 89' lang='lat' dir='ltr'>judicii</span> <span class='ocrx_word' id='word_1_237' title='bbox 481 3305 608 3368; x_wconf 87' lang='lat' dir='ltr'>fastidio</span> <span class='ocrx_word' id='word_1_238' title='bbox 631 3306 743 3366; x_wconf 91' lang='lat' dir='ltr'>ductus</span> <span class='ocrx_word' id='word_1_239' title='bbox 764 3303 958 3383; x_wconf 87' lang='lat' dir='ltr'>respuisset?</span> <span class='ocrx_word' id='word_1_240' title='bbox 974 3306 1081 3366; x_wconf 91' lang='lat' dir='ltr'>Plures</span> <span class='ocrx_word' id='word_1_241' title='bbox 1104 3305 1235 3384; x_wconf 92' lang='lat' dir='ltr'>quidem</span> 
     </span>
    </p>

    <p class='ocr_par' dir='ltr' id='par_1_5' title="bbox 11 3409 1236 3602">
     <span class='ocr_line' id='line_1_29' title="bbox 73 3409 1236 3494; baseline -0.005 -19"><span class='ocrx_word' id='word_1_242' title='bbox 73 3414 164 3494; x_wconf 86' lang='lat' dir='ltr'>apud</span> <span class='ocrx_word' id='word_1_243' title='bbox 180 3413 366 3474; x_wconf 83' lang='lat' dir='ltr'>Ciceronem</span> <span class='ocrx_word' id='word_1_244' title='bbox 378 3417 410 3473; x_wconf 90' lang='lat' dir='ltr'>et</span> <span class='ocrx_word' id='word_1_245' title='bbox 423 3411 615 3484; x_wconf 88' lang='lat' dir='ltr'>Lucretium,</span> <span class='ocrx_word' id='word_1_246' title='bbox 633 3416 780 3489; x_wconf 88' lang='lat' dir='ltr'>poetasve</span> <span class='ocrx_word' id='word_1_247' title='bbox 795 3410 850 3490; x_wconf 92' lang='lat' dir='ltr'>qui</span> <span class='ocrx_word' id='word_1_248' title='bbox 867 3416 942 3489; x_wconf 92' lang='lat' dir='ltr'>post</span> <span class='ocrx_word' id='word_1_249' title='bbox 963 3410 1096 3489; x_wconf 85' lang='lat' dir='ltr'>Augusti</span> <span class='ocrx_word' id='word_1_250' title='bbox 1118 3409 1236 3488; x_wconf 88' lang='lat' dir='ltr'>princi·</span> 
     </span>
     <span class='ocr_line' id='line_1_30' title="bbox 11 3501 1232 3602; baseline -0.001 -18"><span class='ocrx_word' id='word_1_251' title='bbox 11 3501 14 3504; x_wconf 74' lang='lat'>.</span> <span class='ocrx_word' id='word_1_252' title='bbox 73 3528 188 3602; x_wconf 87' lang='lat' dir='ltr'>patum</span> <span class='ocrx_word' id='word_1_253' title='bbox 202 3521 317 3596; x_wconf 82' lang='lat' dir='ltr'>vixere,</span> <span class='ocrx_word' id='word_1_254' title='bbox 342 3536 451 3598; x_wconf 86' lang='lat' dir='ltr'>paucae</span> <span class='ocrx_word' id='word_1_255' title='bbox 477 3525 584 3581; x_wconf 85' lang='lat' dir='ltr'>autem</span> <span class='ocrx_word' id='word_1_256' title='bbox 604 3518 635 3579; x_wconf 92' lang='lat' dir='ltr'>in</span> <span class='ocrx_word' id='word_1_257' title='bbox 650 3519 781 3599; x_wconf 88' lang='lat' dir='ltr'>Virgilio</span> <span class='ocrx_word' id='word_1_258' title='bbox 802 3524 858 3579; x_wconf 82' lang='lat' dir='ltr'>aut</span> <span class='ocrx_word' id='word_1_259' title='bbox 881 3520 994 3581; x_wconf 87' lang='lat' dir='ltr'>Flacco</span> <span class='ocrx_word' id='word_1_260' title='bbox 1017 3522 1232 3598; x_wconf 86' lang='lat' dir='ltr'>reperiuntur.</span> 
     </span>
    </p>
   </div>
   <div class='ocr_carea' id='block_1_4' title="bbox 56 3714 1234 4114">
    <p class='ocr_par' dir='ltr' id='par_1_6' title="bbox 69 3714 1234 3856">
     <span class='ocr_line' id='line_1_31' title="bbox 69 3714 1234 3786; baseline 0 -14"><span class='ocrx_word' id='word_1_261' title='bbox 69 3720 211 3783; x_wconf 79' lang='grc' dir='ltr'><strong>ἀναλογία,</strong></span> <span class='ocrx_word' id='word_1_262' title='bbox 225 3734 298 3786; x_wconf 82' lang='lat' dir='ltr'>quam</span> <span class='ocrx_word' id='word_1_263' title='bbox 311 3717 422 3784; x_wconf 79' lang='lat' dir='ltr'>proxime</span> <span class='ocrx_word' id='word_1_264' title='bbox 433 3732 463 3766; x_wconf 83' lang='lat' dir='ltr'>ex</span> <span class='ocrx_word' id='word_1_265' title='bbox 476 3730 552 3780; x_wconf 72' lang='lat' dir='ltr'>graeco</span> <span class='ocrx_word' id='word_1_266' title='bbox 564 3715 591 3764; x_wconf 91' lang='lat' dir='ltr'>in</span> <span class='ocrx_word' id='word_1_267' title='bbox 604 3715 708 3765; x_wconf 87' lang='lat' dir='ltr'>latinum</span> <span class='ocrx_word' id='word_1_268' title='bbox 720 3714 1119 3786; x_wconf 83' lang='lat' dir='ltr'>transferentes,«proportionem</span> <span class='ocrx_word' id='word_1_269' title='bbox 1133 3742 1146 3766; x_wconf 75' lang='lat' dir='ltr'>u</span> <span class='ocrx_word' id='word_1_270' title='bbox 1161 3738 1234 3772; x_wconf 78' lang='lat' dir='ltr'>uoca-</span> 
     </span>
     <span class='ocr_line' id='line_1_32' title="bbox 69 3813 173 3856; baseline -0.01 -1"><span class='ocrx_word' id='word_1_271' title='bbox 69 3813 173 3856; x_wconf 81' lang='lat' dir='ltr'>verunt.</span> 
     </span>
    </p>

    <p class='ocr_par' dir='ltr' id='par_1_7' title="bbox 104 3883 560 3955">
     <span class='ocr_line' id='line_1_33' title="bbox 104 3883 560 3955; baseline -0.011 -15"><span class='ocrx_word' id='word_1_272' title='bbox 104 3893 143 3954; x_wconf 84' lang='lat' dir='ltr'>(f)</span> <span class='ocrx_word' id='word_1_273' title='bbox 162 3888 242 3938; x_wconf 76' lang='lat' dir='ltr'>FeneL</span> <span class='ocrx_word' id='word_1_274' title='bbox 258 3888 336 3955; x_wconf 81' lang='lat' dir='ltr'>Epist.</span> <span class='ocrx_word' id='word_1_275' title='bbox 351 3884 386 3935; x_wconf 79' lang='lat' dir='ltr'>od</span> <span class='ocrx_word' id='word_1_276' title='bbox 398 3883 560 3954; x_wconf 66' lang='lat' dir='ltr'>Academiam.</span> 
     </span>
    </p>

    <p class='ocr_par' dir='ltr' id='par_1_8' title="bbox 56 3971 1233 4114">
     <span class='ocr_line' id='line_1_34' title="bbox 105 3971 1233 4042; baseline -0.002 -16"><span class='ocrx_word' id='word_1_277' title='bbox 105 3978 143 4042; x_wconf 80' lang='lat'>(2)</span> <span class='ocrx_word' id='word_1_278' title='bbox 161 3975 245 4036; x_wconf 75' lang='lat' dir='ltr'>Quint„</span> <span class='ocrx_word' id='word_1_279' title='bbox 258 3976 319 4022; x_wconf 84' lang='lat' dir='ltr'>Inst.</span> <span class='ocrx_word' id='word_1_280' title='bbox 336 3978 404 4024; x_wconf 84' lang='lat' dir='ltr'>Orat.</span> <span class='ocrx_word' id='word_1_281' title='bbox 419 3972 438 4031; x_wconf 93' lang='lat' dir='ltr'>l,</span> <span class='ocrx_word' id='word_1_282' title='bbox 456 3975 481 4024; x_wconf 79' lang='lat'>5.</span> <span class='ocrx_word' id='word_1_283' title='bbox 494 4000 524 4010; x_wconf 93' lang='lat'>-</span> <span class='ocrx_word' id='word_1_284' title='bbox 536 3972 675 4023; x_wconf 66' lang='lat' dir='ltr'>«Ceterum</span> <span class='ocrx_word' id='word_1_285' title='bbox 690 3971 764 4023; x_wconf 88' lang='lat' dir='ltr'>etiam</span> <span class='ocrx_word' id='word_1_286' title='bbox 782 3988 812 4023; x_wconf 88' lang='lat' dir='ltr'>ex</span> <span class='ocrx_word' id='word_1_287' title='bbox 825 3973 995 4040; x_wconf 78' lang='lat' dir='ltr'>praepositione</span> <span class='ocrx_word' id='word_1_288' title='bbox 1008 3983 1032 4025; x_wconf 88' lang='lat' dir='ltr'>et</span> <span class='ocrx_word' id='word_1_289' title='bbox 1047 3974 1141 4024; x_wconf 88' lang='lat' dir='ltr'>duobus</span> <span class='ocrx_word' id='word_1_290' title='bbox 1160 3990 1233 4024; x_wconf 79' lang='lat' dir='ltr'>voea-</span> 
     </span>
     <span class='ocr_line' id='line_1_35' title="bbox 56 4058 605 4114; baseline -0.015 0"><span class='ocrx_word' id='word_1_291' title='bbox 56 4063 140 4114; x_wconf 86' lang='lat' dir='ltr'>-bulis</span> <span class='ocrx_word' id='word_1_292' title='bbox 156 4063 217 4111; x_wconf 87' lang='lat' dir='ltr'>dure</span> <span class='ocrx_word' id='word_1_293' title='bbox 229 4060 326 4111; x_wconf 88' lang='lat' dir='ltr'>videtur</span> <span class='ocrx_word' id='word_1_294' title='bbox 340 4059 454 4110; x_wconf 84' lang='lat' dir='ltr'>struxisse</span> <span class='ocrx_word' id='word_1_295' title='bbox 468 4058 605 4109; x_wconf 81' lang='lat' dir='ltr'>Pacuuius:</span> 
     </span>
    </p>
   </div>
   <div class='ocr_carea' id='block_1_5' title="bbox 393 4186 883 4308">
    <p class='ocr_par' dir='ltr' id='par_1_9' title="bbox 393 4186 883 4308">
     <span class='ocr_line' id='line_1_36' title="bbox 400 4186 773 4227; baseline 0 -1"><span class='ocrx_word' id='word_1_296' title='bbox 400 4209 697 4226; x_wconf 82' lang='lat'><strong>..............</strong></span> <span class='ocrx_word' id='word_1_297' title='bbox 714 4186 773 4227; x_wconf 82' lang='lat' dir='ltr'>Nerei</span> 
     </span>
     <span class='ocr_line' id='line_1_37' title="bbox 393 4257 883 4308; baseline 0.002 -13"><span class='ocrx_word' id='word_1_298' title='bbox 393 4258 577 4307; x_wconf 81' lang='lat' dir='ltr'>repandirostrum,</span> <span class='ocrx_word' id='word_1_299' title='bbox 589 4257 778 4297; x_wconf 82' lang='lat' dir='ltr'>incurvicervicum</span> <span class='ocrx_word' id='word_1_300' title='bbox 792 4266 883 4308; x_wconf 66' lang='lat' dir='ltr'>pecus.»</span> 
     </span>
    </p>
   </div>
   <div class='ocr_carea' id='block_1_6' title="bbox 101 4358 1140 4427">
    <p class='ocr_par' dir='ltr' id='par_1_10' title="bbox 101 4358 1140 4427">
     <span class='ocr_line' id='line_1_38' title="bbox 101 4358 1140 4427; baseline -0.005 -13"><span class='ocrx_word' id='word_1_301' title='bbox 101 4368 132 4416; x_wconf 87' lang='lat' dir='ltr'>lu</span> <span class='ocrx_word' id='word_1_302' title='bbox 146 4363 233 4411; x_wconf 87' lang='lat' dir='ltr'>eodem</span> <span class='ocrx_word' id='word_1_303' title='bbox 247 4363 327 4427; x_wconf 85' lang='lat' dir='ltr'>rapite</span> <span class='ocrx_word' id='word_1_304' title='bbox 341 4360 504 4421; x_wconf 81' lang='lat' dir='ltr'>Quintilianus</span> <span class='ocrx_word' id='word_1_305' title='bbox 514 4360 598 4425; x_wconf 88' lang='lat' dir='ltr'>paucis</span> <span class='ocrx_word' id='word_1_306' title='bbox 611 4360 757 4425; x_wconf 87' lang='lat' dir='ltr'>compositas</span> <span class='ocrx_word' id='word_1_307' title='bbox 772 4377 843 4411; x_wconf 86' lang='lat' dir='ltr'>voces</span> <span class='ocrx_word' id='word_1_308' title='bbox 855 4378 905 4410; x_wconf 89' lang='lat' dir='ltr'>non</span> <span class='ocrx_word' id='word_1_309' title='bbox 920 4360 1008 4411; x_wconf 82' lang='lat' dir='ltr'>insulse</span> <span class='ocrx_word' id='word_1_310' title='bbox 1023 4358 1140 4411; x_wconf 73' lang='lat' dir='ltr'>definivit.</span> 
     </span>
    </p>
   </div>
   <div class='ocr_carea' id='block_1_7' title="bbox 0 0 1400 4770">
    <p class='ocr_par' dir='ltr' id='par_1_11' title="bbox 0 0 1400 4770">
     <span class='ocr_line' id='line_1_39' title="bbox 0 0 1400 4770; baseline 0 2"><span class='ocrx_word' id='word_1_311' title='bbox 0 0 1400 4770; x_wconf 95' lang='lat' dir='ltr'> </span> 
     </span>
    </p>
   </div>
  </div>
 </body>
</html>
