2790 4770
553 378 587 389 -
622 345 663 405 ⁴25
686 380 732 392 .-

47 482 159 544 multi
174 482 239 559 alii,
261 500 323 543 non
338 481 445 558 verba,
471 483 525 543 sed
541 481 604 543 vim
621 483 806 545 Graecorum
823 487 1045 562 expresserunt
1059 481 1101 562 (i)
1117 504 1131 540 ο
1144 485 1157 542 t
1172 484 1222 542 An

63 593 175 650 contra
189 589 386 651 credendum
411 595 458 652 est
473 607 547 652 eum
562 592 767 654 vehementer
781 595 921 654 errasset
937 586 1086 665 Quamvis
1099 588 1221 670 paucis-

64 696 145 756 sima
163 696 203 757 ad
226 714 283 758 nos
306 697 484 778 fragmenta
498 697 627 759 illorum
651 699 863 777 pervenerint,
880 699 976 778 hujus
989 704 1096 760 tamen
1113 698 1221 760 arduae

65 803 251 880 quaestionis
264 805 388 883 pondus
403 805 627 884 excipiendum
643 813 730 886 puto.
755 809 823 879 Quo
841 807 965 869 facilius
976 807 1086 869 Latina
1105 806 1221 868 Graecis

64 911 243 990 comparari
257 918 384 989 queant,
410 931 448 974 ex
470 912 532 973 alia
546 918 635 992 parte
650 903 797 989 Homeri,
813 914 977 995 Sophoclis
992 919 1047 975 aut
1061 911 1221 991 Euripidis

64 1018 193 1099 scripta,
224 1035 262 1079 ex
278 1018 375 1081 altera
398 1038 471 1082 vero
492 1022 708 1083 Romanorum
722 1039 829 1083 versus
849 1021 1016 1100 proposui;
1033 1018 1221 1081 indemani-

63 1125 176 1186 festius
199 1126 364 1206 apparebit
384 1130 493 1187 utrum
520 1127 656 1189 fideliter
687 1127 858 1208 exemplari
891 1128 1078 1208 respondeat
1102 1127 1221 1206 effigies

65 1247 177 1306 necne,
203 1248 275 1311 quae
290 1231 383 1292 sinte
398 1231 515 1294 Graecis
525 1230 656 1307 adscita,
669 1232 740 1312 quis
751 1234 890 1312 denique
906 1233 993 1295 Livio
1007 1232 1112 1293 aliisve
1127 1232 1222 1294 fuerit

65 1338 294 1421 interpretandi
315 1343 416 1416 locus,
433 1341 618 1422 priusquam
635 1341 745 1405 Cicero
758 1345 837 1423 ipse,
859 1344 962 1422 operis
976 1344 1164 1405 difficultate
1183 1343 1222 1404 ab

66 1449 180 1509 eodem
205 1449 310 1510 studio
338 1450 471 1511 minime
498 1451 681 1526 deterritus,
708 1449 869 1530 propriam
883 1450 1071 1530 Astrologiae
1096 1446 1222 1511 dicendi

65 1555 332 1617 consuetudinem
354 1562 410 1618 aut
425 1556 538 1636 tragici
553 1557 701 1633 carminis
715 1562 830 1619 sonum
846 1557 980 1619 reddere
995 1562 1173 1619 conaretur.
1223 1591 1225 1596 ·

105 1659 155 1723 Ab
169 1662 354 1724 Andronico
368 1662 575 1742 principium.
598 1665 669 1726 Jam
684 1663 749 1724 dixi
763 1668 881 1743 quanto
903 1663 1003 1724 simus
1020 1663 1053 1724 in
1064 1662 1223 1724 desiderio

66 1767 191 1830 amissae
213 1767 298 1829 illius
324 1768 482 1849 Odysseae,
506 1773 537 1831 et
552 1787 653 1847 unum
668 1776 723 1832 aut
738 1770 886 1843 alterum,
907 1785 1003 1847 quem
1016 1786 1080 1829 non
1092 1784 1223 1852 prorsus

68 1877 207 1937 Homero
231 1872 399 1954 indignum
418 1875 546 1953 fateare,
564 1876 810 1938 commemoravi
824 1877 942 1938 locum.
954 1878 998 1937 Ea
1006 1875 1137 1955 quidem
1152 1893 1224 1954 quae

67 1983 205 2043 maxime
220 1983 379 2044 laudanda
403 1988 479 2045 sunt
502 2000 539 2046 ex
557 1983 675 2046 talibus
692 1983 836 2064 reliquiis
861 2001 945 2047 ame
963 1986 1046 2047 lecta
1068 2001 1136 2045 esse
1151 2001 1225 2044 oon·

65 2091 270 2153 cedendum:
294 2096 400 2153 cetera
425 2097 549 2170 tamen,
581 2093 830 2172 qualiacumque
855 2093 927 2169 sint,
956 2097 1057 2173 poetae
1079 2092 1224 2154 membra

39 2213 43 2219 ’
61 2199 154 2278 juxta
168 2197 327 2277 appositos
343 2200 459 2261 Graecae
472 2199 617 2280 Odyssea
639 2197 755 2277 versus,
780 2203 865 2264 unde
882 2201 998 2263 clarior
1012 2199 1140 2263 collatio
1155 2201 1221 2275 fiat,

64 2303 120 2365 hic
132 2305 277 2384 legantur
293 2324 299 2366 :

291 2561 364 2615 nvn
382 2561 555 2615 annnomor
572 2563 723 2615 onrssnrn
740 2564 934 2617 rmoumra
952 2566 962 2631 <
980 2566 999 2631 ).

598 2724 653 2775 Lib.
672 2723 691 2774 Ι.

174 2877 213 2941 V.
243 2901 271 2941 1.
293 2855 399 2967 Ᾰνδρα
422 2902 474 2968 μοι
489 2877 603 2962 ἔννεπε,
621 2882 745 2960 Μοῦσα,
759 2879 967 2968 πολύτροπον.

173 3020 216 3076 Cf.
231 3020 329 3079 Vimm
344 3023 422 3092 mihi,
432 3025 576 3095 Garumna,
588 3024 681 3081 insece
694 3032 845 3080 versutum.

826 3113 856 3164 Α.
873 3113 947 3176 Geli,
961 3113 1048 3176 xvill,
1064 3118 1089 3165 9.
1144 3110 1153 3125 ⁴

174 3304 214 3365 V.
234 3301 275 3379 45
296 3304 335 3364 et
352 3301 405 3368 81.
424 3274 455 3365 (⁷2
475 3297 727 3395 ποίτερ,ήμέτερο,
750 3296 954 3398 Κρονίδη·....

173 3442 217 3500 Ct.
230 3446 314 3502 Pater
327 3455 422 3504 noster
435 3448 548 3506 Saturni
561 3447 625 3506 filie.

896 3539 983 3604 Prisc,
997 3538 1051 3601 Vll,
1065 3544 1089 3592 6.

174 3700 214 3762 V.
234 3698 288 3777 64.
304 3697 416 3764 Τέκνον
434 3699 520 3792 ἐμὸν,
534 3701 621 3768 ποῖόν
636 3727 669 3768 σε
683 3704 755 3781 ἔπος
776 3704 868 3797 φύγεν
883 3704 969 3795 ἕρκος
984 3693 1140 3785 ὀδόντωνς

172 3839 216 3899 Cf.
232 3844 292 3900 Mea
307 3861 405 3918 puera,
421 3846 489 3920 quid
501 3847 575 3905 verbi
589 3864 623 3904 ex
634 3857 683 3906 tuo
696 3866 744 3907 ore
756 3865 837 3922 supra
853 3849 942 3922 sugit?

901 3938 990 4000 Prisc„
1005 3938 1047 3999 Vi,
1065 3943 1088 3990 8.
1114 3968 1121 3982 ·

106 4186 116 4231 1
153 4177 234 4229 Acad.
258 4178 267 4228 l
293 4184 307 4231 :3
335 4183 375 4233 10.

90 4182 131 4331 {23
150 4264 207 4314 Vid.
221 4216 456 4317 (fodetfflermanni
471 4266 595 4317 Elemema
607 4269 726 4318 Doctrina
738 4270 847 4320 metrica.
864 4270 959 4337 Lipsiae,
978 4273 1052 4321 1836.
1064 4269 1111 4330 Qui
1123 4269 1222 4335 quidem

48 4362 148 4404 auctor
166 4349 281 4418 optimus,
297 4351 393 4404 Maeonii
404 4352 465 4405 vatis
483 4363 593 4406 tenorem
607 4365 711 4417 secutus,
736 4365 849 4407 accurate
874 4355 986 4425 Odysseae
1006 4354 1076 4407 Liuii
1093 4353 1236 4421 iraqmema
