2790 4770
598 354 775 415 ..24-

110 494 158 555 bis
179 515 193 550 «
205 495 306 555 facere
320 515 351 566 n,
368 515 382 550 n
394 510 502 574 gerere
517 515 532 551 a
551 512 588 556 ac
604 516 618 551 u
629 496 733 556 serre»
749 493 934 555 societatem
948 491 1053 554 fecere
1066 489 1109 572 (t)
1123 510 1130 553 ε
1145 487 1269 552 timidis

111 597 196 658 enim
211 597 358 675 passibus
374 597 471 660 duces
486 617 570 674 suos,
588 599 613 660 si
627 601 709 661 forte
729 598 854 660 insolita
875 599 999 676 fingunt
1011 597 1121 670 rerba,
1138 600 1269 656 secutus

112 709 159 766 est
181 704 436 766 adolescentulus
460 710 565 783 pocta,
589 722 629 767 ne
657 722 788 766 suorum
825 704 996 783 aequalium
1024 700 1271 780 superbissimas

111 809 283 874 inconditis
298 812 382 874 sonis
397 831 488 874 aures
504 814 692 893 offenderet.

150 922 258 982 Atilia
273 921 378 982 minus
392 921 431 982 ad
455 921 654 1000 propositum
674 937 782 981 meum
797 919 968 998 pertinent.
991 919 1149 981 Gonemur
1161 918 1271 996 potius

112 1031 281 1092 ostendere
295 1029 397 1109 qualis
411 1029 507 1090 fuerit
521 1029 554 1089 in
568 1029 827 1108 interpretatione
842 1029 1026 1090 Graecorum
1048 1028 1155 1090 Cicero
1175 1026 1272 1088 versi·

110 1140 231 1211 ficator,
249 1142 357 1198 utrum
379 1136 539 1198 veteribus
556 1137 670 1214 poetis,
688 1136 754 1216 qui.
770 1136 857 1197 idem
875 1136 1051 1197 effecerunt
1062 1152 1152 1213 opus,
1178 1151 1271 1212 supe·

112 1243 177 1305 rior
187 1242 326 1324 judicari
346 1243 474 1317 debeat,
493 1242 570 1322 quid
591 1242 780 1305 incrementi
805 1242 940 1320 poeticae
964 1240 1136 1316 addiderit,
1156 1240 1183 1300 si
1205 1257 1271 1301 non

77 1377 80 1382 ·
113 1350 205 1412 verba
228 1357 369 1425 tantum,
386 1352 442 1410 sed
467 1350 564 1411 etiam
587 1351 816 1412 sententiarum
839 1349 1106 1411 conformationes
1127 1365 1271 1427 porpen·
1297 1359 1300 1363 ’

114 1458 239 1529 dantur,
256 1461 408 1534 quantum
424 1453 562 1534 denique
581 1457 620 1516 ad
644 1474 712 1517 rem
729 1456 895 1517 metricam
914 1454 1087 1516 contulerit
1106 1452 1174 1533 ipse
1197 1449 1272 1533 per-

115 1563 294 1625 finiendam.

615 1826 770 1839 ’μ

561 2102 734 2182 CAPUT
762 2104 828 2181 IV.

119 2370 145 2415 1..
167 2369 331 2416 annnonlcl
345 2370 482 2418 ODYSSFAE
496 2370 641 2425 andnamt
656 2372 765 2418 MEDEAE
783 2372 976 2419 nuscanum.
991 2391 1032 2402 -
1049 2374 1121 2427 QUID
1143 2374 1183 2419 DE
1198 2373 1277 2420 muts

277 2474 392 2523 UTPOTE
402 2475 567 2524 GRAEGORUM
586 2477 819 2524 INTERPRE'I'IBUS
838 2477 1033 2524 sannuncurt
1045 2464 1113 2525 sm?

157 2685 237 2746 Cum
260 2681 477 2762 superioribus
492 2685 595 2763 poetis
619 2685 831 2747 conferendus
850 2690 898 2747 est
919 2685 1040 2760 Cicero,
1057 2685 1083 2744 si
1099 2684 1212 2764 quanti
1224 2702 1278 2746 va·

118 2792 182 2854 leat
196 2791 260 2869 ille,
287 2790 365 2853 dum
388 2794 570 2854 Graecorum
585 2791 725 2855 carmina
745 2793 982 2871 interpretatur,
1002 2790 1171 2873 diligenter
1186 2791 1275 2853 aesti·

119 2918 206 2963 mare
221 2900 309 2962 velis.
324 2902 405 2962 Ante
420 2899 527 2961 omnia
541 2901 621 2962 scire
643 2901 797 2963 dehemus
814 2917 877 2981 qua
890 2901 1011 2962 ratione
1031 2901 1156 2962 Graeoos
1170 2898 1277 2961 Latini

119 3008 314 3088 antiquiores
327 2986 362 3073 iri¹
372 3026 467 3069 suum
481 3010 700 3072 transtulerint
722 3027 812 3088 opus.
832 3009 978 3070 Tullionc
993 3009 1145 3070 assentiar
1159 3008 1229 3069 haec
1243 3006 1278 3068 in

117 3121 383 3184 Academicorum
412 3116 500 3180 libris
526 3119 706 3180 scribenti:
747 3119 917 3195 «Ennius,
947 3118 1114 3197 Pacuvius,
1145 3117 1276 3193 Accius,

151 3417 186 3482 (1)
205 3417 318 3484 Ejusdem
331 3414 424 3482 generis
434 3414 508 3465 verba
521 3414 587 3480 apud
600 3412 742 3488 Lucretium
755 3414 831 3464 multa
840 3428 890 3463 esse
902 3429 974 3463 nemo
986 3413 1089 3480 ignorat.
1100 3412 1209 3474 Quorum
1224 3413 1280 3464 haec

117 3504 239 3571 praecipue
251 3502 358 3553 notanda
369 3501 474 3552 arbitror
487 3515 494 3551 ε

317 3640 449 3708 Auctificus
462 3639 504 3706 (H,
520 3640 588 3705 571).
696 3639 796 3705 Lucifer
812 3639 852 3704 (V,
868 3641 936 3703 525).

317 3725 435 3794 Bcrbiger
448 3725 487 3788 (V,
503 3726 572 3787 89⁸).
697 3723 817 3793 Munifico
832 3725 874 3790 (lt,
890 3727 957 3789 625).

317 3807 425 3874 Falciser
439 3807 491 3874 (ΠΙ,
508 3807 578 3872 642).
696 3807 814 3875 Pinniger
828 3807 867 3872 (V,
887 3810 967 3871 7074).

317 3891 449 3958 Glandifcr
463 3893 502 3957 (V,
515 3894 584 3959 9773).
695 3893 836 3963 Squamiger
849 3892 878 3957 (1,
894 3892 962 3957 373).

315 3977 426 4044 Horriser
439 3977 479 4041 (V,
495 3979 564 4044 219).
699 3976 820 4046 Tabt'ficus
833 3976 882 4044 (Vl,
898 3975 966 4040 727).

319 4060 435 4131 latificat
449 4061 561 4130 (1,194).
700 4061 814 4130 Terrifico
827 4061 857 4128 (l,
876 4062 941 4127 134).

111 4207 157 4260 lile
170 4206 203 4256 Μ.
217 4201 298 4254 Tullio
312 4200 426 4252 audacior
440 4201 550 4266 quaedam
567 4201 665 4268 scripsit
676 4201 763 4266 juncta
777 4200 850 4250 verba
864 4216 918 4266 quae
936 4213 1057 4264 nusquam
1072 4196 1132 4246 alibi
1151 4197 1224 4262 leges,
1250 4206 1280 4247 ut

115 4317 128 4342 a
141 4292 301 4359 fluctifragus,
319 4310 330 4335 ι)
345 4310 358 4335 α
371 4289 544 4356 multangulus,
562 4311 575 4335 ν
595 4288 627 4340 cf.
652 4288 810 4352 πολύγωνος;
822 4317 853 4325 -
872 4309 883 4333 u
900 4287 1077 4353 montivagos»
1101 4295 1182 4336 tamen
1203 4281 1281 4335 semel

112 4380 142 4431 in
155 4396 201 4431 usu
214 4376 281 4446 apud
293 4375 437 4433 Ciceronem
450 4383 487 4426 est
499 4375 593 4440 (Tusa,
605 4373 636 4438 V,
652 4374 702 4438 27).
