2790 4770
573 311 773 376 -tts-

131 453 257 524 Quanto
284 451 409 532 dignior
433 450 526 514 laude
541 450 659 527 Cicero,
679 454 756 514 dum
784 448 1088 530 magniloquentiam
1101 446 1251 510 hexame-

88 566 216 620 trorum
239 558 364 639 assequi
387 558 515 620 nititur!
541 561 665 632 Quanto
691 558 906 640 superioribus
931 556 1032 637 poetis
1052 555 1250 618 emendatior

88 669 239 744 apparet!
266 667 347 729 Sunt
367 666 498 746 quidem
526 669 634 746 plures
660 667 693 728 in
716 665 865 748 operibus
884 666 1015 728 maculae
1041 661 1250 744 :antiquiora

90 773 318 853 seilicetdicta‚
332 782 363 837 et
371 774 513 837 Enniana
521 775 649 837 libertas
658 774 714 856 (l),
724 780 755 838 et
767 773 1048 836 malaeincisiones.
1064 773 1144 834 Sunt
1154 771 1249 833 etiam

88 900 198 943 rersus
232 880 335 944 omnis
364 899 515 944 sonorum
537 881 747 961 jucunditatis
782 888 939 962 expertos,
967 877 1109 960 quamvis
1141 883 1250 941 orator

91 989 179 1052 idem
207 990 311 1051 verbis
329 990 439 1052 solutis
469 1009 532 1052 una
559 991 744 1071 gravitatem
773 1008 887 1052 rorum
919 986 1169 1066 suavitatemque
1196 987 1252 1047 ad·

88 1095 239 1174 junxerit.

131 1207 169 1266 ln
195 1206 329 1269 tambeis
352 1206 466 1269 melior
489 1212 611 1270 tantam
636 1208 771 1287 adeptus
792 1211 841 1268 est
860 1206 1046 1267 facultatem
1062 1201 1249 1265 utincredi-

90 1311 161 1408 bili·
176 1313 314 1392 quadam
340 1311 504 1393 diligentia
515 1311 657 1376 Herculis
675 1312 845 1393 Sophoclei
861 1308 1104 1372 lamentationes
1123 1325 1250 1387 expres-

90 1422 181 1484 serit.
208 1422 276 1494 Quo
304 1420 434 1500 quidem
460 1427 564 1484 metro
578 1421 624 1484 uti
640 1440 740 1503 quum
756 1421 860 1496 vellet,
879 1421 1054 1482 faciliorem
1069 1421 1250 1497 susceperat

90 1530 300 1609 provinciam,
318 1548 413 1610 quarn
434 1531 460 1592 si
481 1549 587 1593 versus
602 1531 713 1611 longos
732 1531 925 1593 concludere
946 1529 1148 1591 tentavisset:
1166 1548 1182 1584 o
1197 1526 1250 1587 Se-

90 1637 208 1712 uarios,
238 1634 352 1716 inquit,
378 1643 410 1700 et
430 1638 666 1718 Hipponacteos
687 1639 825 1718 ellugere
844 1639 894 1700 vix
911 1654 1089 1717 possumus.
1103 1635 1249 1713 Magnam

89 1745 178 1807 enim
194 1750 319 1824 partem
342 1762 378 1806 ex
400 1744 515 1807 iambis
531 1752 655 1809 constat
669 1748 772 1810 oratio
787 1746 871 1828 (2).»
890 1746 1033 1807 Arduum
1046 1749 1154 1806 tamen
1169 1759 1249 1820 opus

88 1856 147 1929 est,
167 1851 194 1913 si
219 1851 289 1930 quis
303 1869 433 1915 carmen
455 1851 534 1914 illud
551 1850 594 1915 ita
610 1852 795 1933 perficiendi
818 1871 927 1917 curam
943 1851 1125 1930 sumpserit,
1142 1856 1178 1911 ut
1193 1865 1249 1928 pes

90 1962 133 2023 sit
152 1957 306 2039 «primus
327 1961 365 2020 ad
394 1964 572 2022 extremum
597 1959 710 2022 similis
732 1959 805 2022 sibi.
822 1983 836 2018 »
862 1959 989 2021 lambos
1008 1958 1042 2018 in
1058 1954 1146 2019 Accii
1165 1977 1179 2013 o
1194 1973 1250 2016 no·

87 2065 207 2130 bilibus
238 2065 392 2129 trimetris
412 2088 427 2125 a
455 2083 544 2127 rarus
570 2071 720 2147 apparet;
747 2068 850 2129 rarior
878 2067 975 2128 etiam
999 2066 1083 2146 apud
1098 2061 1245 2136 Ennium,

87 2191 272 2257 quanquam
291 2171 344 2235 hic
359 2190 566 2236 numerorum
586 2172 746 2253 Euripidis
764 2172 1000 2254 jucunditatem
1012 2174 1044 2234 in
1059 2169 1173 2251 primis
1187 2171 1249 2232 Me·

88 2282 157 2344 deae
181 2280 324 2345 versibus
345 2283 524 2345 aemulatur.
550 2282 606 2344 llle
620 2301 705 2358 vero,
736 2280 880 2345 Ciceroni
904 2287 972 2344 arte
997 2278 1140 2360 propior,
1163 2277 1247 2357 apud
1336 2308 1338 2312 ·

88 2390 225 2471 aquales
251 2391 284 2450 in
304 2390 426 2453 honore
452 2407 569 2470 magno
583 2389 643 2454 fuit
668 2391 839 2453 :laudatur
860 2390 960 2463 locus,
985 2386 1043 2448 etsi
1058 2385 1193 2464 turgidae
1207 2383 1248 2469 sit

87 2494 254 2573 orationis
270 2495 325 2559 ubi
341 2515 380 2559 ex
391 2499 583 2578 Argonautis
601 2518 694 2575 unus,
711 2497 849 2578 primam
870 2498 1005 2558 videndo
1019 2499 1131 2570 ratem,
1149 2491 1246 2555 animi

87 2608 195 2666 motus
217 2604 346 2684 exponit
370 2605 423 2688 (3).
452 2608 568 2669 Sensus
592 2626 666 2671 cum
692 2608 832 2688 quodam
858 2607 977 2669 lumine
995 2602 1181 2668 terminatos
1202 2602 1248 2662 af·

86 2712 194 2787 iectat,
213 2716 244 2774 et
257 2729 325 2774 rem
338 2713 502 2776 interdum
517 2732 555 2778 er
566 2717 722 2778 sententia
738 2717 829 2797 gerit.

126 2818 257 2883 Utinam
273 2824 354 2900 apud
383 2824 456 2886 illos
470 2844 534 2888 non
560 2829 640 2888 adeo
668 2849 683 2886 «
705 2828 894 2890 commodus
910 2829 942 2887 et
961 2822 1084 2904 patiens
1100 2844 1115 2879 o
1136 2819 1248 2881 fuisset

83 2927 222 3003 iambus,
248 2935 284 2991 ut
313 2930 353 2991 de
377 2934 517 2994 secunda
543 2952 685 3012 unquam
714 2936 790 2995 sede
811 2935 940 2996 cederet
962 2933 1151 3012 autquarta.
1176 2929 1247 2989 Non

49 3100 53 3106 ,
84 3039 236 3102 irrisisset
256 3057 309 3102 eos
325 3041 359 3103 in
381 3048 450 3105 arte
470 3044 598 3122 poetica
616 3066 631 3102 a
646 3045 727 3106 alter
748 3041 949 3105 Aristarchus
969 3062 1000 3102 r.
1028 3038 1171 3101 Ciceroni
1193 3053 1248 3115 pe·

83 3147 199 3226 percit,
217 3164 312 3227 quem
335 3154 463 3229 poetam
487 3155 575 3212 tanta
596 3152 663 3212 laus
679 3151 817 3213 oratoria
830 3149 988 3213 tuebatur.
1006 3146 1063 3209 Hic
1086 3152 1194 3208 tamen
1208 3148 1245 3204 ut

84 3252 208 3316 Catullo
232 3254 326 3334 longe
347 3256 453 3317 minor
467 3257 582 3320 virtute
603 3258 636 3318 in
649 3256 815 3334 trimetris,
843 3258 889 3319 sic
910 3257 943 3316 in
958 3252 1134 3319 scribendis
1149 3270 1242 3332 gran-

81 3359 180 3423 dibus
203 3360 396 3426 hexametris
417 3351 598 3428 a'Lucretio
614 3365 706 3430 facile
722 3371 886 3446 superatus
904 3370 961 3428 est.

127 3468 305 3541 «Quantus
327 3476 422 3549 poeta
444 3471 486 3534 sit
511 3471 688 3548 Lucretius,
718 3491 814 3554 quam
836 3478 931 3536 acuto
954 3478 986 3535 et
1011 3469 1077 3534 aori
1104 3470 1243 3550 ingenio,

80 3582 202 3656 quanta
231 3578 272 3640 sit
292 3577 443 3641 carminis
469 3580 509 3642 ab
538 3599 577 3643 eo
592 3580 703 3661 scripti
724 3581 858 3662 gravitas
878 3600 914 3643 ac
934 3580 1092 3660 majestas,
1110 3583 1246 3658 quantus

81 3690 227 3761 ornatus,
242 3703 338 3765 quarn
361 3687 487 3765 pulchri
517 3693 548 3750 et
576 3688 722 3766 praeclari
736 3691 857 3763 versus,
881 3691 999 3768 quanta
1015 3684 1169 3749 sermonis
1185 3685 1246 3746 ele-

81 3791 203 3873 gantia,
221 3793 397 3873 integritas,
427 3798 533 3874 atque,
552 3800 586 3858 ut
610 3797 654 3859 ita
680 3798 797 3874 dicam,
814 3798 931 3859 sanitas
951 3797 1005 3879 (ll),
1031 3818 1047 3855 o
1076 3797 1244 3877 magnifice

116 4092 155 4158 (1)
172 4091 221 4142 Pro
233 4091 350 4159 exemplis
362 4092 411 4146 sint
422 4111 427 4143 :
438 4093 549 4146 «Torvu’
561 4096 640 4149 Draco
650 4119 673 4161 a,
686 4121 699 4146 «ι
710 4100 741 4150 (11
754 4108 820 4151 terra
834 4099 925 4167 elapsu'
944 4110 1077 4168 repente»,
1090 4110 1138 4152 111.

115 4177 155 4243 (2)
172 4175 227 4228 Cic.
243 4179 341 4228 Orator.
354 4193 408 4245 cap.
419 4181 459 4231 56.

116 4262 155 4327 (ὃ)
172 4259 228 4313 vid
242 4260 272 4314 lt.
288 4261 374 4330 Eggm.
387 4261 440 4316 ael.
452 4282 479 4317 o.
491 4283 513 4315 s.
527 4281 553 4334 p.
570 4270 626 4320 191.

117 4346 155 4413 (1)
167 4345 198 4398 Τ.
210 4345 319 4399 Lucretii
332 4347 383 4400 vita
396 4347 515 4402 Lambino
528 4362 637 4404 auctore.
