2790 4770
654 344 852 410 -llu-
930 347 933 353 '

274 484 396 558 (Teque),
410 483 528 556 Quirine
539 485 633 551 Pater,
646 499 773 551 veneror,
787 483 938 555 horamque
950 481 1057 556 Quirini
1071 521 1078 538 .
1093 521 1101 538 .
1115 520 1123 538 .

279 612 463 631 .......
483 573 572 646 polris
582 574 617 630 ad
629 573 731 631 coelum
742 581 820 630 vasta
832 572 941 660 videtur
953 571 1000 645 (l).
1022 613 1031 634 .
1052 611 1061 627 .
1081 611 1090 627 .

209 737 358 811 Quamvis
373 738 459 800 Maro
474 737 637 818 scripserit
651 737 713 800 hoc
732 753 862 800 carmen

271 910 389 979 Luctus,
402 907 504 980 ubique
515 923 611 981 pavor,
625 915 652 965 et
663 907 782 981 plurima
796 907 892 964 mortis
904 906 998 981 imago
1010 904 1057 980 (2).

165 1071 274 1135 Ornati
287 1077 396 1134 tamen
419 1076 451 1134 et
465 1069 618 1133 elaborati
643 1088 750 1133 versus
764 1069 796 1131 in
809 1069 985 1132 Annalibus
1003 1068 1096 1130 Ennii
1110 1069 1325 1150 reperiuntur.

165 1178 296 1253 Quoties
319 1178 488 1241 Homerico
510 1175 624 1258 spiritu
647 1195 718 1240 vere
734 1177 905 1240 instinctus
925 1200 940 1236 u
957 1177 1120 1239 horrenda
1134 1177 1220 1240 bella
1237 1199 1253 1237 n
1273 1198 1327 1242 ca·

165 1287 223 1363 nit,
242 1287 459 1366 praestantiam
491 1284 611 1366 Virgilii
636 1284 851 1366 consequitur.
877 1285 965 1346 'lolio
990 1286 1135 1364 quaedam
1160 1286 1257 1347 nimis
1272 1306 1328 1349 an·

164 1392 253 1471 tique
280 1392 367 1454 dicta
394 1411 401 1453 :
427 1408 503 1452 num
537 1392 637 1454 multa
660 1389 844 1471 pulchriora
874 1391 1034 1452 nonnullis
1063 1390 1217 1470 reliquiis,
1248 1410 1326 1473 quas

165 1497 257 1560 uobis
277 1496 437 1561 tradidero
452 1499 661 1579 grammatici,
678 1499 763 1577 leges
784 1497 869 1576 apud
891 1503 1012 1576 poetas,
1035 1494 1089 1575 qui
1110 1495 1274 1559 Maecenati
1293 1497 1325 1560 in

171 1606 295 1668 deliciis
315 1606 473 1697 luerunt?

205 1714 286 1786 Quid
315 1717 425 1797 plura?
444 1716 501 1778 Ille
523 1720 571 1778 est
594 1714 683 1794 cujus
711 1714 743 1775 in
765 1718 905 1777 stercore
932 1713 1117 1793 margaritas
1143 1716 1327 1795 reperiebat

166 1823 317 1904 Virgilius
332 1823 391 1904 (3l;
418 1824 472 1886 ille
494 1823 533 1886 de
547 1841 610 1903 quo
624 1823 752 1902 scripsit
774 1820 997 1899 Quintilianus,
1011 1823 1115 1904 arguti
1135 1823 1234 1904 judex
1249 1845 1324 1890 acu-

165 1928 292 1992 minis:
327 1952 342 1988 a
355 1932 505 2008 Ennium,
529 1931 611 1993 sicut
635 1947 739 1992 sacros
765 1932 919 1992 vetustate
949 1930 1051 2002 lucos,
1081 1932 1263 2010 adoremus,
1292 1933 1324 1996 in

165 2037 282 2118 quibus
303 2038 435 2118 grandia
462 2039 643 2118 etantiqua
665 2037 783 2101 robora
798 2037 865 2117 jam
884 2055 948 2099 non
971 2041 1094 2100 tantam
1114 2038 1236 2104 habent
1257 2061 1325 2122 spe-

166 2141 260 2218 ciem,
278 2148 428 2223 quautam
442 2142 640 2224 religionem.
656 2163 672 2202 n

206 2251 307 2315 Ennio
323 2250 456 2315 inferior
471 2252 612 2314 Lucilius
628 2259 674 2314 est
698 2252 731 2313 in
749 2270 783 2315 re
799 2252 931 2316 metrica
949 2273 957 2316 :

418 2451 542 2467 .....
563 2416 659 2470 Durus
669 2428 837 2486 componere
850 2429 945 2472 versus
955 2418 1003 2485 (4).

169 2581 268 2642 Multa
291 2577 417 2657 scripsit
438 2577 661 2658 negligentius,
679 2582 710 2640 et
724 2578 891 2658 utriusque
910 2579 1065 2642 sermonis
1085 2581 1238 2644 vocabula
1252 2580 1326 2642 mis-

170 2686 236 2749 cuit
262 2707 270 2749 :
292 2703 357 2747 non
385 2687 470 2766 quod
495 2686 663 2748 satirarum
690 2686 879 2764 scriptorem
904 2693 1089 2750 «emunctae
1113 2688 1197 2751 naris
1212 2710 1228 2746 n
1250 2708 1328 2752 con-

169 2798 323 2869 temnam,
341 2791 406 2872 qui,
424 2811 523 2873 quum
538 2795 655 2856 viveret
679 2791 900 2872 Quintilianus,
922 2795 966 2856 ita
985 2797 1109 2859 deditos
1134 2795 1195 2876 ipsi
1217 2795 1329 2859 habuit

170 2905 339 2976 amatores,
368 2905 404 2962 ut
432 2918 506 2963 eum
531 2919 594 2962 non
625 2900 768 2980 ejusdem
799 2902 896 2963 modo
918 2903 1022 2981 operis
1047 2902 1242 2980 auctoribus,
1274 2905 1328 2967 sed

172 3007 320 3071 omnihus
339 3008 442 3088 poetis
461 3009 608 3088 praeferre
628 3027 691 3070 non
714 3009 937 3072 dubitaverint.
969 3010 1032 3072 Sed
1052 3030 1150 3091 quum
1177 3013 1330 3092 pleraque

172 3118 253 3180 male
271 3123 397 3181 tornata
415 3117 523 3179 incudi
545 3119 679 3178 reddere
697 3115 870 3192 debuisset,
891 3115 922 3176 iu
934 3115 1200 3205 vituperationem
1217 3119 1330 3181 docto·
1352 3135 1360 3145 ·

173 3242 254 3300 rum,
280 3225 355 3286 licet
373 3245 387 3283 u
403 3227 515 3287 doctus
534 3245 549 3282 r
568 3224 636 3305 ipse
652 3242 689 3286 ac
703 3223 900 3302 perurbanus
918 3225 969 3304 (5),
993 3225 1108 3287 merito
1126 3223 1255 3286 cecidit.

206 3433 242 3498 (1)
260 3431 315 3481 ulia
330 3433 367 3497 (ut
381 3443 440 3500 puta
454 3433 607 3500 Bergmann.,
622 3450 647 3500 p.
665 3433 707 3498 27)
722 3432 855 3483 Homericae
871 3432 1003 3482 imitationi
1014 3432 1144 3483 tribuenda
1160 3442 1232 3499 sunl;
1254 3450 1331 3501 quum

171 3529 264 3570 veteres
281 3528 358 3586 poetae
372 3517 532 3586 inprimisque
545 3519 639 3570 Ennius
654 3516 752 3568 uocales
768 3517 855 3586 longas
869 3519 983 3585 (exempli
1000 3519 1086 3585 gratia)
1102 3535 1153 3569 non
1167 3520 1329 3587 conjungunt,

172 3606 222 3655 imo
235 3614 263 3655 ut
280 3605 364 3655 breves
378 3616 522 3657 numerant:
537 3628 548 3653 u
559 3604 659 3654 militum
677 3615 730 3653 octo
742 3625 765 3663 u,
783 3626 796 3650 a
807 3622 925 3654 vomerem
941 3603 1141 3674 otqne»,1nsula
1156 3605 1263 3658 Ionio...
1276 3627 1289 3652 o
1297 3634 1329 3646 -

172 3692 236 3754 Quas
249 3701 314 3741 certe
332 3691 414 3741 finales
427 3691 529 3760 syllabas
546 3691 616 3743 latini
632 3690 783 3757 grammatici
795 3700 882 3742 natura
897 3691 981 3741 breves
994 3706 1088 3757 semper
1105 3690 1246 3743 habueruut
1261 3691 1326 3758 (rid.

172 3773 288 3836 Quicher.
305 3774 336 3823 de
350 3773 452 3826 Prosod.
464 3795 505 3847 ap.
522 3776 599 3826 Latin.
612 3793 637 3842 p.
656 3778 712 3835 iob,
728 3792 767 3841 ap.
780 3773 873 3826 nudor.
890 3774 1017 3834 Hachette,
1031 3777 1115 3841 1867).

207 3863 243 3928 (2)
261 3858 359 3911 AEneid.
374 3859 407 3924 ll,
421 3864 478 3912 369.

206 3947 243 4013 (3)
261 3945 288 3995 in
302 3945 381 4012 capite
393 3945 472 4013 primo
486 3945 542 3996 libri
557 3947 618 3996 sexti
634 3944 800 3996 Saturnalium
812 3944 947 3995 Macrobius
962 3943 1114 3996 enumeravit
1126 3959 1210 3995 versus
1225 3959 1287 4011 quos
1301 3959 1331 3994 cx

173 4033 275 4084 dimidio
285 4032 322 4082 vel
337 4032 425 4082 solidos
439 4031 512 4081 etiam
524 4031 555 4081 ab
566 4031 673 4098 antiquis
682 4031 765 4082 latinis
773 4031 852 4098 poetis
865 4039 989 4082 mutuatus
998 4040 1034 4081 est
1046 4029 1170 4097 Virgilius.
1186 4029 1223 4080 Ea
1232 4045 1331 4097 quoque

173 4118 287 4170 disseruit
299 4134 352 4184 que
365 4117 480 4183 Virgilius
494 4117 596 4168 traxita
610 4117 700 4167 Grecis
715 4117 769 4183 (lib.
785 4117 816 4180 V,
831 4133 884 4184 cap.
901 4117 938 4182 2).

208 4204 244 4270 (l)
261 4203 493 4270 a...ligoquanlum
504 4202 535 4253 ab
549 4202 606 4267 illis,
617 4212 713 4253 tautum
726 4202 758 4253 ab
765 4202 866 4253 lloratio
878 4202 1003 4264 dissentio,
1014 4201 1057 4268 qui
1069 4201 1192 4253 Lucilium
1200 4201 1279 4254 fluere
1291 4202 1318 4252 lu

169 4287 304 4349 tulentum,
319 4297 344 4338 et
357 4303 408 4337 esse
421 4286 516 4353 aliquid
529 4287 596 4354 quod
607 4287 692 4338 tollere
706 4288 782 4356 possis
792 4296 912 4356 putat...»
922 4287 1037 4353 (Quintil.
1052 4291 1113 4338 last.
1128 4291 1199 4340 Orat.
1213 4287 1245 4349 Χ,
1260 4288 1295 4354 1).

204 4373 240 4437 (⁵)
257 4372 291 4425 ll.
306 4371 335 4422 Τ.
351 4371 403 4425 cic.
417 4369 448 4421 de
464 4376 532 4424 Orat.
549 4372 580 4435 ll,
596 4376 621 4435 6,
638 4377 695 4443 2⁵·.'
