2790 4770
600 383 638 398 ..
666 352 704 414 γι
731 385 774 398 ..

490 570 587 621 tntu
604 569 810 624 enuuounnl
828 586 880 636 sqq.

111 772 185 836 229.
224 800 229 814 .
276 801 281 813 -
304 801 310 815 ·
333 741 410 842 ζώνῃ
431 739 462 814 δ’
479 744 514 817 ἂν
533 751 616 844 ὅμως
631 753 850 843 ἐπιτεκμῆραιο

215 861 437 965 Ᾰνδρομέδης·
457 874 560 969 ὀλίγον
575 879 632 968 γὰρ
651 877 702 942 ὑπ’
725 876 822 949 αὐτὴν
838 876 1023 967 ε’στέριιιται.

215 997 354 1065 Μισσόθι
371 988 405 1063 δὲ
421 993 516 1090 τρίέει
531 1001 628 1094 μέγαν
650 1000 788 1091 οὐρανὸν,
809 997 863 1090 νῖχι
881 1023 937 1090 περ
960 994 1051 1088 ἄκραι

216 1120 320 1194 Χηλαὶ
339 1121 391 1189 καὶ
407 1127 492 1198 Ζώνη
510 1125 726 1216 περιτέλλεται
744 1110 892 1216 Ωρίωνος.

214 1224 292 1310 Εστι
308 1236 343 1311 δέ
359 1271 407 1313 τοι
421 1246 473 1315 καὶ
489 1246 531 1315 ἔτ’
546 1243 623 1315 ἄλλο
639 1249 823 1342 τετυγμένον
840 1245 942 1342 ἐγγύθι
956 1255 1041 1337 σῆμα

215 1366 324 1434 νείοθεν
343 1357 559 1463 Ᾰνδρομέδης,
579 1372 615 1438 τὸ
632 1363 660 1436 δ’
675 1372 725 1439 ι’πὶ
741 1369 839 1463 τρισὶν
857 1367 1052 1461 ἐστάθμηται

110 1491 172 1558 235
219 1493 377 1559 Δελτωτὸν
396 1500 575 1587 πλευρῇσιν,
590 1495 795 1589 ἰσαιομένῃσιν
818 1496 913 1571 ἐοικὸς

215 1615 411 1711 ἀμφοτέρῃς·
432 1623 450 1693 i.
474 1610 504 1684 δ’
520 1620 587 1687 οὔτι
603 1620 694 1706 τόση,
710 1620 796 1712 μάλα
811 1612 841 1685 δ’
857 1618 939 1686 ἐστὶν
955 1617 1061 1709 ἑτοίμη

214 1741 349 1834 εὑρέσθαι
360 1764 369 1779 ··
390 1741 458 1834 περὶ
473 1740 531 1838 γὰρ
547 1745 665 1812 πολέων
680 1744 840 1839 εὐέστερός
854 1748 946 1812 ἐστιν.

212 1869 280 1932 Τῶν
297 1866 400 1961 ὀλίγον
418 1870 514 1960 Κριοῦ
529 1872 705 1954 νοτιώτεροι
724 1869 849 1964 ἀστέρες
870 1868 952 1937 εἰσίν.

215 1989 256 2055 Οἱ
271 1983 300 2056 δ’
315 1988 362 2084 ἄρ’
376 1993 422 2060 ἔτι
436 1995 589 2086 προτέρω,
605 1993 651 2061 ἔτι
668 1984 698 2059 δ’
717 1998 746 2064 ἐν
769 2000 942 2088 προμολῇσι
955 1993 1056 2061 νέτοιο

110 2123 175 2197 240
215 2100 330 2219 Ῑχέέες.
346 2107 424 2184 Ᾰλλ’
442 2119 498 2184 atet
516 2121 615 2211 ἕτερος
627 2121 865 2213 προφερέστερος
882 2115 989 2204 ἄλλου,

214 2241 265 2308 καὶ
285 2245 403 2334 μᾶλλον
423 2246 538 2336 Βορέαο
552 2244 617 2311 νέον
634 2245 792 2323 κατιόντος
812 2245 925 2311 ἀκούει.

218 2354 406 2458 Ᾱμφοτέρων
422 2358 458 2434 δέ
478 2392 577 2459 σφεων
598 2367 796 2435 ἀποτείνεται
814 2367 886 2442 ἠΰτε
906 2359 1006 2459 δεσμὰ
1075 2392 1077 2396 ⁴

109 2629 166 2690 Qoae
179 2636 308 2693 sequnntur
320 2626 427 2676 uersibus
443 2631 491 2681 229
505 2641 526 2678 et
540 2648 592 2700 sqq.
608 2630 678 2680 Arati
696 2629 863 2700 respondentia
877 2629 1020 2700 prodierunt
1036 2630 1140 2678 Veneriis
1159 2648 1184 2682 ιι.
1202 2635 1266 2683 1488

142 2709 220 2760 ualde
234 2723 353 2783 corrupta,
375 2712 464 2763 deinde
478 2733 530 2764 cum
549 2714 579 2765 ob
591 2715 647 2765 aliis
662 2728 710 2766 tum
727 2715 757 2765 ab
773 2714 863 2765 Orellio
878 2727 899 2764 et
913 2721 934 2765 J.
951 2720 981 2768 V.
1001 2713 1109 2785 Leclerq.
1125 2733 1155 2763 esc
1173 2716 1270 2786 optimis

140 2795 261 2846 codicibus
270 2808 325 2846 stent
335 2798 467 2850 emendata.
543 2795 545 2799 ¹

161 2948 167 2956 ’
214 2959 236 3012 E
250 2957 351 3029 quibus
365 2956 440 3011 hunc
448 2958 548 3013 'subter
565 2958 653 3026 possis
668 2973 833 3030 cognoscere
848 2957 960 3015 fultum.

216 3049 287 3102 Nam
301 3044 363 3101 coeli
378 3044 500 3101 medium
517 3055 623 3116 partem
637 3054 723 3114 tenet,
739 3054 769 3103 ut
783 3047 859 3118 prius
873 3046 927 3103 ittae

215 3133 318 3204 Chelae,
332 3142 390 3189 tunt
406 3142 503 3206 pectus
516 3151 627 3208 quoque
640 3135 764 3191 cernitur
775 3134 905 3192 Orionis(

215 3225 251 3280 Et
264 3240 349 3296 prope
361 3225 511 3297 conspicies
524 3241 639 3297 parvum
654 3224 705 3280 sub
720 3232 832 3298 pectore
844 3224 918 3280 claro

216 3313 403 3370 Andromedae
417 3315 544 3387 signum,
559 3315 691 3371 Deltoton
704 3313 797 3370 dicere
811 3313 887 3371 Graii

218 3401 294 3473 quod
307 3402 392 3470 soliti,
407 3404 491 3459 simili
506 3404 569 3476 quia
584 3404 675 3460 forma
691 3404 778 3459 littere
793 3404 894 3479 oleret-3

217 3489 280 3547 huic
292 3492 381 3563 spatio
396 3491 509 3548 ductum
522 3492 606 3549 simili
622 3493 693 3549 latus
708 3501 796 3548 exstat
810 3501 976 3564 utrumqu03

216 3590 246 3636 at
260 3597 316 3636 non
328 3583 410 3638 tertia
426 3599 489 3653 pars
502 3583 594 3640 lateris
607 3599 614 3636 ι
627 3598 748 3656 namque
761 3589 803 3639 est
816 3581 906 3637 minor
923 3582 986 3650 illis,

188 3679 195 3693 ·
217 3670 265 3727 sed
276 3671 364 3728 stellis
377 3671 458 3744 longe
470 3670 564 3727 densis
575 3673 706 3744 praeclnra
720 3673 834 3728 relucet.

218 3758 335 3817 lnferior
350 3760 443 3832 paullo
458 3769 500 3816 est
511 3761 599 3831 Aries,
613 3769 640 3817 et
655 3761 756 3817 llamen
770 3760 804 3816 ad
819 3759 914 3816 Austri

218 3848 388 3918 inclineti013
404 3858 488 3922 atque
503 3850 585 3906 etium
601 3850 790 3906 vehementius
801 3849 838 3904 illi

218 3939 321 4006 Pisces,
333 3955 452 4011 quorum
465 3940 533 3995 alter
545 3939 636 4012 paullo
652 3939 811 4012 praelabitur
826 3947 901 4004 ante,

218 4037 246 4083 et
257 4030 346 4100 magis
360 4027 512 4084 horrisonis
524 4028 672 4100 Aquilonis
684 4030 808 4101 tangitur
821 4028 882 4084 alis.

219 4118 310 4190 Atque
323 4119 360 4187 (ι)
377 4116 473 4174 horum
486 4133 501 4174 e
516 4116 609 4173 caudis
623 4116 745 4190 duplices
759 4116 834 4174 velut
850 4132 908 4172 esse
923 4125 1027 4174 cotoneo

149 4349 182 4415 (l)
200 4348 231 4398 lt
245 4365 299 4418 quae
312 4348 416 4413 (Orelli).
