2790 4770
605 216 804 280 -139-

127 367 248 426 cumque
261 368 411 426 generum,
422 354 577 430 contingit,
593 363 625 412 ut
642 355 717 428 quod
734 355 858 413 medium
879 321 932 424 sit,
950 363 981 412 ut
995 357 1019 412 ei
1034 354 1153 428 primum
1168 370 1285 428 propor-

127 478 216 548 tione,
231 479 271 536 ita
285 479 313 536 id
327 488 469 554 postremo
485 490 674 556 comparetur,
688 482 876 557 vicissimque,
890 492 922 540 ut
936 490 1091 540 extremum
1105 498 1169 539 cum
1179 481 1284 551 medio,

125 604 167 661 sic
180 604 305 662 medium
315 623 380 664 cum
391 607 485 665 medio
498 608 657 666 conferatur
670 631 675 669 :
691 609 728 680 id,
741 609 816 683 quod
827 609 952 667 medium
961 618 1013 680 est,
1028 618 1089 667 tum
1102 610 1227 682 primum
1239 608 1282 680 lit,

125 737 187 787 tum
201 730 389 804 postremum
409 743 550 807 postrema
563 751 629 793 vero
641 744 669 793 et
678 737 767 809 prima
781 735 874 793 media
889 735 975 802 liunt;
991 735 1029 792 ita
1039 736 1189 793 necessitas
1199 736 1284 811 cogit,

125 865 157 914 ut
169 857 270 915 eadem
283 860 339 916 siut
351 875 395 930 ea,
415 876 477 934 quae
490 860 627 935 disjuncta
642 862 770 932 fuerunt,
787 861 885 919 eadem
905 868 1001 919 autem
1019 876 1108 934 quum
1122 859 1195 917 facta
1212 859 1283 932 sint,

124 975 255 1049 eflicitur,
276 988 308 1035 ut
326 947 497 1038 omuia⁴siut
517 998 616 1040 uuum.
639 983 722 1056 Quod
743 983 767 1040 si
786 982 972 1040 uniuersitatis
998 995 1099 1053 corpus
1119 980 1233 1053 planum
1257 989 1285 1039 et

125 1099 261 1174 aequabile
275 1103 466 1176 explicaretur,
479 1121 570 1179 neque
583 1105 613 1162 in
624 1122 656 1163 eo
666 1106 817 1181 quidquam
829 1114 903 1164 esset
916 1106 1087 1178 requisitum,
1099 1119 1188 1162 uuum
1199 1104 1286 1160 iuter·

121 1225 228 1298 jectum
240 1226 365 1284 medium
377 1237 405 1285 et
417 1243 447 1285 se
464 1228 575 1300 ipsum,
593 1239 622 1286 et
634 1246 685 1298 ea,
705 1231 807 1303 quibus
818 1239 891 1288 esset
903 1231 1114 1304 interpositum,
1130 1229 1282 1303 colligaret,

124 1347 179 1406 Sed
196 1363 284 1421 quum
305 1347 430 1406 soliditas
449 1350 554 1407 mundo
574 1360 757 1424 quareretur,
776 1352 863 1409 solida
883 1361 977 1410 autem
992 1352 1087 1409 omnia
1106 1368 1164 1408 uno
1188 1349 1282 1408 medio

124 1486 283 1544 uunquam,
297 1471 405 1530 duobus
422 1490 533 1547 semper
548 1475 727 1548 copulentur3
745 1477 784 1532 ita
798 1476 930 1550 contigit,
946 1484 977 1533 ut
988 1476 1061 1532 inter
1076 1475 1169 1547 iguem
1186 1483 1214 1531 et
1224 1481 1282 1531 ter·

123 1612 203 1669 ram,
218 1614 322 1672 aquam
340 1575 418 1658 Deus
442 1600 622 1675 animamque
646 1610 777 1674 poneret,
798 1577 887 1676 eaque
906 1603 979 1660 inter
995 1618 1024 1660 se
1042 1609 1233 1676 compararet,
1253 1609 1283 1659 et

124 1725 305 1798 proportione
317 1725 511 1799 conjungeret,
524 1732 555 1783 ut
566 1727 804 1800 quemadmodum
815 1728 885 1802 iguis
898 1729 1009 1798 animae,
1022 1729 1062 1785 sic
1076 1727 1169 1784 anima
1184 1743 1281 1801 aquae3

124 1850 256 1924 quodque
275 1851 369 1907 anima
383 1867 473 1925 aquae,
488 1851 515 1909 id
526 1869 597 1926 aqua
605 1860 687 1912 terrae
694 1855 873 1928 proportione
883 1853 1021 1911 redderet.
1033 1858 1094 1927 Qua
1108 1870 1140 1910 ex
1150 1854 1282 1926 coujunc-

123 1979 201 2037 tione
212 1981 314 2037 coelum
325 1981 362 2037 ita
373 1989 468 2053 aptum
478 1989 530 2051 est,
542 1990 574 2039 ut
582 1982 633 2039 sub
643 1980 808 2053 adspectum
821 1987 849 2039 et
859 1988 964 2037 tactum
979 1978 1067 2036 cadat.
1084 1981 1183 2051 ltaque
1198 1986 1227 2036 et
1246 1978 1281 2035 ob

123 2118 188 2162 eam
200 2119 314 2160 causam
328 2111 356 2160 et
371 2071 451 2161 exiis
468 2105 562 2175 rebus,
579 2121 696 2162 numero
712 2113 845 2181 quatuor,
856 2105 953 2162 muudi
968 2114 1010 2160 est
1023 2119 1122 2176 corpus
1138 2102 1282 2173 eflectum,

123 2245 155 2287 ea
175 2237 367 2287 constructum
387 2231 575 2304 proportione,
595 2247 649 2304 qua
668 2231 723 2289 dixi
740 2248 794 2290 :ex
807 2249 862 2305 quo
884 2231 942 2305 ipse
961 2247 991 2289 se
1010 2228 1142 2288 concordi
1160 2225 1282 2302 quadam

123 2355 246 2414 amicitia
263 2365 290 2413 et
303 2355 418 2414 caritate
430 2357 636 2430 complectitur;
653 2365 736 2431 atque
750 2357 788 2414 ita
803 2365 868 2431 apte
882 2357 1015 2426 cohaeret,
1027 2363 1059 2413 ut
1076 2354 1188 2412 dissolvi
1205 2352 1281 2411 nullo

122 2483 210 2540 modo
221 2491 318 2557 queat,
331 2482 383 2540 uisi
398 2483 433 2540 ab
448 2481 592 2552 eodem,a
608 2498 663 2557 quo
680 2485 726 2540 est‘
736 2483 891 2560 colligatus.
912 2485 1018 2541 Earum
1035 2491 1131 2539 autem
1149 2487 1281 2553 quattuor
1306 2486 1311 2496 ·

122 2624 231 2681 rerum,
243 2624 313 2684 quas
323 2625 407 2683 supra
418 2608 486 2682 dixi,
498 2608 537 2667 sic
547 2607 575 2665 iu
585 2609 661 2666 omni
673 2608 779 2666 mundo
791 2625 890 2666 omues
904 2617 996 2682 partes
1005 2610 1150 2667 collocatae
1161 2616 1237 2676 sunt,
1249 2616 1281 2665 ut

123 2736 201 2793 nulla
214 2751 278 2809 pars
289 2735 403 2810 lrujusce
417 2736 523 2810 generis
542 2735 688 2793 excederet
704 2744 793 2806 extra,
806 2743 889 2809 atque
901 2737 930 2793 in
943 2735 997 2792 hoo
1013 2737 1140 2792 universo
1159 2735 1282 2792 inessent

122 2879 227 2936 genera
243 2863 291 2920 illa
303 2862 441 2920 universa.
454 2862 488 2920 Id
500 2863 536 2921 oh
548 2879 595 2921 eas
606 2878 718 2934 causas,
731 2863 853 2936 primum
869 2871 901 2919 ut
911 2862 1033 2919 mundus
1044 2861 1173 2917 animans
1188 2864 1282 2932 posset

121 3003 156 3045 ex
168 2986 298 3061 perlectis
308 2987 431 3061 partibus
441 3003 502 3045 esse
514 2987 672 3061 perlectus3
685 2986 784 3045 deiude
796 2995 828 3044 ut
839 3003 910 3044 unus
920 2994 1002 3054 esset,
1016 2985 1091 3043 nulla
1101 2993 1195 3058 parte,
1207 2983 1281 3042 unde

121 3113 194 3172 alter
205 3114 376 3189 gigneretur,
390 3114 501 3183 relicta,
513 3122 654 3187 postremo
667 3129 701 3171 ue
711 3115 773 3187 quis
783 3115 857 3170 enim
869 3113 983 3170 morbus
998 3128 1062 3169 eum
1072 3119 1166 3185 posset
1176 3119 1224 3168 aut
1236 3126 1281 3168 se·

120 3249 221 3297 neotus
230 3237 363 3329 aflligere.
376 3205 476 3296 (imnis
488 3241 562 3296 euim
575 3241 780 3314 coagmentatio
792 3240 928 3313 corporis,
940 3239 982 3296 vel
995 3239 1099 3309 calore,
1112 3237 1154 3296 vel
1164 3238 1281 3313 frigore,

120 3364 165 3422 vel
176 3364 269 3437 aliqua
280 3364 445 3436 impulsione
456 3364 611 3422 vehementi
621 3363 806 3422 labefactatur
820 3329 848 3421 et
859 3364 1006 3438 frangitur,
1018 3371 1046 3420 ct
1057 3362 1094 3419 ad
1107 3363 1221 3418 morbos
1237 3377 1281 3418 se·

118 3499 317 3563 nectutemque
328 3490 514 3563 compellitur.
525 3494 606 3548 Hanc
616 3493 697 3566 igitur
708 3492 806 3550 habuit
816 3492 955 3548 rationem
973 3490 1088 3581 effector
1099 3489 1198 3547 mundi
1216 3505 1279 3546 mo·

118 3615 239 3686 litorque
250 3616 337 3681 Deus,
350 3620 381 3669 ut
391 3627 480 3669 unum
490 3630 560 3689 opus
569 3621 660 3671 totum
672 3623 754 3688 atque
768 3613 921 3687 perfectum
933 3630 965 3670 ex
976 3614 1105 3670 omuibus
1118 3613 1184 3669 totis
1195 3621 1279 3686 atque

118 3736 250 3811 perlectis
259 3735 455 3806 absolveretur,
471 3738 545 3811 quod
563 3740 638 3795 omni
651 3739 751 3796 morbo
766 3739 877 3796 seniove
888 3745 1006 3796 careret.

154 3869 204 3924 Vl.
224 3869 356 3924 Formam
375 3876 469 3925 autem
483 3876 511 3926 et
528 3868 649 3925 maxime
664 3867 718 3924 sibi
730 3875 879 3940 cognatam
891 3873 918 3922 et
930 3865 1061 3923 decorum
1075 3863 1159 3920 dedit.
1179 3867 1205 3920 Α
1220 3880 1276 3936 quo

115 3980 195 4038 euim
208 3951 350 4038 animante
364 3997 462 4039 omues
474 3982 595 4055 reliquos
608 3981 743 4038 contineri
759 3981 839 4038 vellet
854 3981 1021 4048 animantes,
1039 3979 1114 4035 huuc
1134 3995 1167 4035 ea
1182 3980 1275 4036 forma

117 4102 256 4173 figurarit,
269 4107 323 4172 qua
334 4114 391 4155 una
402 4113 499 4154 omnes
509 4098 623 4172 reliquae
634 4096 731 4154 lormae
751 4096 974 4154 concluduntur:
989 4104 1017 4153 et
1032 4096 1164 4171 globosus
1181 4103 1222 4151 est
1234 4095 1274 4152 ia·

115 4218 256 4286 bricatus,
270 4215 347 4290 quod
357 4215 612 4284 opatpoedlc'Graeci
624 4223 737 4284 vocant,
757 4215 835 4288 cujus
847 4215 939 4272 omnis
954 4213 1115 4272 extremitas
1131 4211 1244 4284 paribus
1258 4227 1275 4268 a
