2790 4770
559 189 806 266 -re-A

109 325 242 385 Maedos
256 324 431 407 (Lucilius),
448 327 549 406 μοιχός.

108 427 245 488 Murano
259 429 428 510 (Lucilius),
445 431 568 512 μύραινα.

110 531 218 594 Ostrea
232 532 409 614 (Lucilius),
424 533 540 615 ὄστρεον.

109 641 204 702 Navis
215 641 392 722 (Lucilius),
409 647 482 711 ναῦς.

106 749 307 828 Pto'losoplas
321 752 453 829 (Ennius
468 758 500 816 et
513 753 677 834 Lucilius),
693 752 845 837 φιλόσοφος.

109 857 211 919 Poesis
223 856 400 940 (Lucilius),
417 858 532 934 ποίησις.

106 966 218 1027 Palma
232 965 409 1045 (Terentius
423 972 455 1030 et
469 964 631 1044 Lucilius),
647 964 781 1045 πλεύμων.

106 1071 289 1133 Stomachus
302 1068 477 1153 (Lucilius),
497 1070 640 1152 στόμαχος.

107 1179 235 1258 Syllaba
251 1178 424 1261 (Lucilius),
440 1177 570 1251 συλλαὸή.

110 1284 291 1346 Tricliniam
306 1284 485 1366 (Lucilius),
499 1286 640 1364 τρίκλινον.

111 1391 272 1468 Tropaeum
288 1390 472 1471 (Caecilius),
488 1390 622 1472 τρόπαιον.

109 1593 180 1655 Alia
196 1612 283 1672 vero,
300 1615 372 1676 quae
387 1616 452 1659 non
475 1597 623 1660 adhibuit
637 1599 769 1669 Tullius,
793 1600 1072 1679 «stalagmium»,
1091 1620 1106 1657 «
1119 1600 1232 1680 hyme-

65 1721 158 1766 naeus
169 1728 184 1764 n
204 1705 354 1786 (exempli
369 1706 475 1787 cansa)
488 1707 549 1769 hoc
561 1707 593 1767 in
604 1708 674 1768 loco
688 1708 829 1786 prudens
842 1706 945 1783 omisi,
961 1715 1130 1787 propterea
1142 1711 1227 1788 quod

65 1815 123 1875 illa
137 1813 270 1875 nomina
281 1819 461 1893 caeteraque
476 1813 668 1876 desideranti
680 1816 779 1877 Index
792 1830 881 1878 meus
896 1817 1154 1883 Graeco-Latinus
1169 1817 1232 1878 sul·

66 1921 136 1984 ficit
151 1922 194 2003 (l)
213 1941 220 1984 ε
237 1921 279 1983 oh
295 1923 441 1983 eamdem
456 1938 586 1983 causam
599 1921 653 1983 hic
668 1928 792 1984 tantum
807 1922 999 2001 compositas
1014 1923 1107 1984 attuli
1123 1941 1227 1998 voces,

66 2047 86 2092 e
101 2028 251 2108 pluribus
265 2032 408 2090 veterum
424 2033 593 2108 poetarum
616 2029 761 2109 reliquiis
777 2036 952 2109 excerptas,
971 2047 1043 2109 quae
1066 2030 1230 2110 praecipue

70 2140 216 2201 Graecam
231 2137 387 2218 originem
402 2136 554 2199 indicant.

109 2353 272 2432 amplifico
287 2352 477 2431 (Pacuvius),
494 2353 535 2415 cf.
554 2351 715 2413 δεινοποιέω.

114 2465 253 2538 Armioer
270 2460 415 2542 (Attius),
432 2462 473 2524 cl.
492 2460 647 2543 ὁπλοφόρος.

114 2568 278 2648 Bonasaeio
291 2568 483 2649 (Pacuvius),
499 2570 540 2631 cl.
558 2569 708 2651 εὐεργετέω.

110 2678 257 2738 Bisalcas
272 2677 462 2757 (Pacuvius),
482 2678 522 2739 cl.
541 2677 691 2757 διχότομος,
706 2676 825 2746 tretici.

109 2786 299 2866 Capriqeaas
313 2785 355 2866 (Ι)
371 2787 514 2867 (Attius),
528 2787 569 2848 cf.
587 2785 738 2864 αἰγομελής.

111 2896 327 2975 Circumspicio
341 2894 532 2976 (Pacuvius),
550 2896 589 2957 cf.
607 2894 750 2977 περιοράω.

109 2998 313 3060 Concorditas
331 2997 518 3079 (Pacuvius),
536 2999 576 3059 cf.
594 2996 713 3076 ὁμόνοια.

110 3111 365 3184 Coasaaoaiaeas
385 3104 426 3188 (3)
443 3105 583 3186 (Attius),
597 3107 640 3168 cf.
657 3105 793 3186 σύναιμος.

97 3445 139 3510 (Ι)
155 3441 186 3491 ln
200 3441 243 3490 illo
256 3441 337 3493 indice
351 3439 473 3506 praecipua
486 3449 582 3489 tantum
596 3438 669 3488 verba
688 3455 702 3489 e
718 3448 828 3490 veterum
847 3439 965 3505 reliquiis,
984 3456 1038 3504 quae
1056 3449 1113 3490 sunt
1130 3439 1230 3490 omnino

53 3531 153 3582 Graeca
168 3527 207 3577 vel
223 3548 236 3572 o
249 3525 333 3577 Grreeo
347 3525 414 3576 fonte
428 3526 531 3585 cadunt,
549 3545 562 3569 n
583 3525 674 3575 notavi.
688 3525 789 3590 Aliquot
803 3542 833 3575 ex
848 3524 966 3575 Cicerone
978 3534 1021 3576 aut
1032 3525 1139 3591 ejusdem
1155 3527 1232 3576 aetatis

52 3611 232 3681 scriptoribus
246 3612 341 3671 selecta,
358 3610 467 3678 quamvis
481 3611 552 3676 plura
567 3611 631 3676 apud
645 3610 757 3677 antiquos
771 3620 882 3661 auctores
895 3611 1071 3670 desiderentur,
1096 3611 1232 3677 adjicienda

51 3714 116 3753 esse
129 3695 268 3748 arbitratus
280 3712 341 3756 sum,
357 3695 394 3746 uti
409 3706 472 3756 acta,
487 3697 564 3754 ἀκτή;
580 3695 777 3762 acratophorum‚
791 3696 978 3764 ἀκροτοφὸρον;
992 3705 1073 3747 eta-
1081 3695 1157 3756 Quem
1172 3696 1233 3763 fugit

51 3799 140 3854 qum
158 3780 240 3832 multa
253 3797 330 3831 sermo
349 3779 446 3831 Graecus
463 3780 582 3830 vocabula
604 3780 697 3830 Latinis
711 3780 851 3847 praebuerit,
873 3781 892 3830 si
913 3780 1013 3831 nomina
1027 3781 1232 3848 consideresque

50 3869 99 3920 vel
114 3867 148 3916 ad
163 3864 277 3915 homines
291 3864 438 3923 rationesve,
454 3874 496 3915 aut
510 3865 541 3913 ad
556 3864 671 3914 animalia
684 3864 766 3914 omnia
779 3865 926 3924 inanimam,
948 3866 986 3914 vel
1005 3866 1036 3914 ad
1055 3866 1178 3916 doctrinas
1191 3883 1233 3916 eu·

48 3957 153 4023 jusque
165 3948 262 4016 generis
275 3949 414 4016 pertinent?
426 3948 474 3999 lsta
488 3948 587 4014 quidem
598 3958 726 3999 recensent
738 3958 930 4015 enumerantque
944 3948 1072 4000 Glossaria.

88 4038 133 4105 (2)
153 4035 230 4101 Apud
242 4034 384 4086 Lucretium
404 4035 537 4101 leguntur:
554 4034 687 4100 caecigenus
698 4035 741 4101 (ll.
756 4038 823 4100 tto),
846 4034 993 4102 multigenus
1005 4035 1044 4101 (ll,
1067 4035 1135 4101 335),
1151 4037 1231 4085 omni-

47 4138 136 4192 genus
146 4118 193 4184 (ll,
206 4120 274 4184 tet).

88 4211 130 4272 (3)
149 4205 266 4264 Lueret,
276 4204 318 4264 ΙΙΙ,
333 4208 373 4254 ta.
