2790 4770
522 338 763 402 .-193-

550 557 657 622 Epicur„
673 555 773 607 ibidem.

138 659 187 738 r'rv
206 677 225 745 ἡ
247 668 339 762 σοφία
356 664 621 764 παρασκευάζεται
638 671 678 749 εἰς
695 673 749 746 τλν
761 682 819 741 ’τοῦ
835 675 907 740 όλου
922 671 990 758 βίου
1007 676 1239 768 μακαριότητα,

87 795 173 861 πολὺ
190 795 336 890 μέγιστόν
355 798 435 863 ἐστιν
455 801 473 871 ἡ
494 806 551 874 τῆς
571 794 672 888 φιλίας
691 805 812 876 κτῆσις.

488 985 553 1046 Cic,
567 985 599 1035 de
613 986 677 1045 Fiet,
694 989 713 1046 l,
731 1004 785 1054 cup.
801 991 842 1038 20.

126 1092 286 1150 «Omnium
300 1108 405 1160 rerum,
417 1109 485 1166 quas
494 1094 530 1150 ad
544 1095 624 1152 beate
637 1095 786 1152 vivendum
800 1096 933 1168 sapientia
947 1098 1160 1169 comparaverit,
1177 1098 1244 1155 nihil

87 1197 150 1239 esse
161 1182 252 1256 majus
262 1182 394 1253 amicitie,
404 1182 476 1257 ,nihil
489 1184 612 1252 uberius
626 1185 693 1242 nihi!
704 1185 865 1258 J'ueumlius.
880 1206 895 1238 ν

638 1439 707 1448 ..--

560 1647 669 1715 Epicur„
686 1646 782 1696 ibidem.
826 1672 831 1677 ·

148 1757 176 1838 H
207 1777 285 1848 αὐτη
318 1775 423 1866 γνώμη
448 1772 565 1864 θαρρεῖν
594 1799 628 1841 τε
916 1784 970 1839 τοῦ
1002 1765 1098 1863 μηδὲν
1132 1773 1250 1842 αἰώνιον

100 1889 178 1982 εἶναι
197 1886 306 1980 δεινὸν,
327 1896 368 1987 μὴ
385 1886 421 1960 δὲ
436 1895 651 1986 πολυχρόνιον,
667 1897 719 1964 καὶ
735 1899 789 1970 την
811 1899 839 1961 ἐν
860 1899 965 1974 αὐτοῖς
990 1905 1055 1976 τοῖς
1074 1901 1251 1991 ὡρισμένοις

94 2019 265 2110 ἀσφαλειαν
290 2019 390 2114 φιλίας
408 2009 545 2113 μάλιστα
565 2031 756 2096 κατανοῆσαι
771 2025 1020 2114 συντελουμένην.

500 2231 563 2291 Cic„
581 2230 611 2280 de
626 2232 693 2292 Firr.‚
709 2231 730 2294 l,
744 2248 798 2298 cap.
815 2236 857 2282 20.

134 2340 266 2398 «Eadem
281 2341 397 2398 seientia
416 2342 591 2400 confirmavit
610 2343 754 2410 animum,
775 2359 811 2399 ue
832 2341 906 2414 quod
923 2350 971 2398 aut
987 2343 1187 2416 sempiternum
1210 2354 1259 2400 aut

96 2429 263 2487 diuturnum
274 2429 384 2487 timeret
393 2431 515 2500 malum3
529 2447 592 2504 quae
606 2431 755 2505 perspexit,
764 2429 793 2485 in
804 2429 856 2487 hoe
866 2430 926 2502 ipso
937 2429 999 2487 vitae
1011 2431 1115 2504 spatio,
1128 2431 1255 2489 amiciriae

96 2518 259 2591 praesidium
272 2535 331 2577 esse
345 2519 549 2577 firmissimum.
563 2543 576 2570 ν

563 2887 671 2954 Epicur,
687 2884 784 2935 ibidem.

150 3029 190 3095 Ei
208 3026 249 3098 τὰ
271 3025 384 3103 ποιητὰ
399 3037 459 3096 τῶν
484 3029 553 3122 περὶ
571 3035 642 3108 τοὺς
663 3029 802 3107 ἀσώτους
826 3019 943 3102 Ιιἰδονῶν
960 3032 1028 3097 ἔλυε
1050 3034 1122 3110 τοὺς
1141 3029 1254 3123 φόόους

98 3163 156 3233 τῆς
178 3145 314 3232 διανοίας
336 3155 406 3231 τοός
422 3179 456 3220 τε
480 3153 548 3245 περὶ
568 3156 728 3245 μετεώρων
753 3153 804 3218 καὶ
823 3153 957 3222 θανάτου
984 3157 1035 3225 καὶ
1061 3149 1255 3250 ἀλγηδόνων,

97 3279 147 3345 ἔτι
166 3304 201 3347 τε
225 3280 262 3347 τὸ
280 3281 379 3373 πέρας
405 3288 468 3345 τῶν
494 3277 658 3371 ἐπιθυμιῶν
685 3269 859 3366 ἐδίδασκεν,
881 3281 936 3346 οὐκ
965 3277 1001 3347 ἀν
1028 3307 1104 3349 ποτε
1132 3281 1176 3354 εἴη
1202 3285 1254 3375 μὲν

100 3406 165 3489 ό,τι
181 3401 380 3499 μεμψαίμοθα
402 3407 505 3482 αὐτοῖς
525 3401 674 3471 πάντοθεν
692 3402 959 3496 εἰσπληρουμένοις
979 3417 1036 3472 τῶν
1054 3397 1187 3491 ἡδονῶν,
1204 3409 1256 3475 καὶ

99 3519 271 3620 οὐδαμόθεν
292 3531 364 3597 οὔτι
382 3530 418 3597 τὸ
438 3527 550 3622 ἀλγοῦν
573 3530 644 3596 οὔτε
669 3527 706 3594 τὸ
727 3528 915 3624 λυπούμενον
936 3530 1075 3622 ἔχουσιν,
1095 3531 1171 3623 όπιρ
1189 3531 1257 3599 ἐστὶ

98 3653 138 3720 τὸ
155 3651 262 3723 κακόν.
1226 3635 1228 3638 ¹

508 3825 572 3884 eie,
588 3823 619 3874 de
631 3824 694 3884 Fim,
710 3825 741 3887 lt,
755 3841 810 3892 cap.
827 3829 849 3876 t.

139 3977 152 4003 ι
164 3953 193 4011 Si
204 3969 247 4021 en,
257 3968 320 4026 quae
331 3960 398 4010 sunt
409 3952 555 4009 luxuriosis
563 3951 709 4029 efficientia
720 3953 907 4025 voluptatum,
920 3953 1070 4011 liberarent
1079 3971 1125 4012 eos
1136 3957 1258 4013 Deorum

100 4051 130 4101 et
142 4043 245 4100 mortis
257 4051 285 4099 et
299 4041 403 4099 doloris
416 4050 504 4112 metu,
516 4040 714 4115 docerentque,
726 4042 773 4115 qui
789 4051 881 4098 essent
892 4042 960 4098 fines
973 4044 1173 4117 cupiditatum
1188 4044 1259 4101 nihil

100 4132 283 4201 haberemus,
295 4132 369 4203 quod
381 4129 648 4204 reprehenderemus
661 4150 668 4187 ι
683 4146 770 4204 quum
783 4131 906 4204 undique
917 4131 1125 4205 complerentur
1135 4133 1260 4205 volupta-

101 4222 190 4292 tibus,
201 4236 256 4278 nee
265 4220 402 4278 haberent
412 4220 467 4278 υΙΙο
481 4237 515 4278 ex
530 4229 607 4294 purte
622 4220 725 4293 aliquid
737 4229 785 4279 nut
797 4221 905 4290 dolens,
917 4230 965 4278 aut
976 4237 1097 4296 aegrum,
1109 4222 1138 4279 id
1152 4230 1203 4291 est,
1215 4230 1263 4278 aut

102 4310 248 4380 σταθμοὶ»

1109 4420 1146 4477 13
