2790 4770
640 303 774 368 -236
804 338 850 351 -

156 440 238 520 ληψιν
267 439 390 502 dicunt.
414 441 457 500 Ea
478 445 526 502 est
541 439 634 503 insita
658 447 777 505 etanta
796 449 945 524 percepta
962 444 1114 527 cujusque
1130 448 1247 511 formae
1269 467 1324 512 co-

156 543 264 623 gnitio,
282 545 481 607 enodationis
496 544 650 625 indigens.

143 719 145 722 Α
196 649 305 727 Cap.8
339 669 407 710 ε-
433 654 473 714 At
488 670 586 732 quum
601 657 638 713 da
652 661 836 716 ornamentis
861 658 1325 742 cerboramseateatiarumque

157 754 352 835 praecipitur,
370 776 441 837 quac
455 765 606 821 vocantur
623 782 636 816 a
653 759 800 840 Σχήματα,
817 784 832 820 a
857 780 921 824 non
936 763 972 825 fit
984 764 1081 826 idem.

158 869 161 873 ’
197 864 309 927 Ibidem
323 885 334 927 .·
349 901 389 911 —
410 855 510 928 Multa
523 868 618 929 etiam
645 885 682 929 cx
699 873 855 931 aatrrtioae
871 877 1051 933 sumuntur.
1072 873 1117 933 Ea
1135 883 1184 935 est
1200 879 1323 951 autom,

159 992 257 1053 quum
282 993 320 1038 ex
335 975 365 1037 vi
376 976 515 1040 nominis
531 983 753 1057 argumentum
766 979 890 1041 elicitur
910 999 927 1040 :·
938 996 1033 1058 quam
1048 979 1149 1042 Graeci
1171 980 1327 1060 ’lirupoiu-

157 1080 216 1157 γίαν
232 1087 355 1157 vocant,
372 1082 404 1144 id
420 1089 478 1157 est,
498 1084 630 1145 verbum
647 1088 684 1146 ex
698 1085 807 1160 verbo,
820 1087 1025 1165 veriloquium
1042 1102 1125 1146 :nos
1139 1089 1252 1147 autem
1267 1102 1327 1146 no-

158 1189 287 1252 vitatem
303 1191 388 1253 verbi
404 1192 557 1253 nonsatis
573 1169 638 1272 apti
666 1192 833 1272 fugientes,
858 1211 956 1273 genus
971 1193 1034 1255 hoc
1055 1192 1245 1269 notationem
1268 1213 1328 1276 ap-

158 1297 324 1374 pellamus,
342 1299 416 1376 quia
428 1303 503 1360 sunt
516 1300 610 1361 verba
617 1317 729 1362 rerum
740 1306 837 1362 notae.
850 1303 959 1380 ltaque
971 1298 1329 1367 hocidemAristoteles

161 1424 176 1459 u
194 1402 356 1482 Σύμὸολον»
375 1407 525 1485 appellat,
543 1408 627 1485 quod
643 1406 740 1469 latine
755 1412 803 1470 est
816 1415 901 1470 uota.

201 1511 275 1588 Cap.
293 1514 311 1572 9
325 1530 332 1571 :
345 1545 386 1556 -
399 1512 493 1592 Cujus
507 1513 628 1592 primus
653 1519 700 1577 est
713 1515 802 1575 locus
817 1532 854 1576 ex
868 1515 1095 1596 auajapatiaac,
1111 1533 1209 1595 quam
1224 1515 1330 1581 Graeci

146 1618 292 1698 ’Συζυγίαν
307 1626 429 1696 vocant,
447 1621 601 1683 finitimus
616 1621 783 1697 notationi,
801 1622 840 1684 de
855 1624 1027 1700 quamodo
1042 1621 1165 1684 dictum
1180 1629 1244 1684 est.

201 1726 275 1805 Gap.
299 1730 354 1789 lo:
383 1762 423 1771 —
438 1729 513 1788 Haec
540 1725 743 1807 expluribus
770 1727 955 1805 perveniens
969 1745 1033 1808 quo
1056 1729 1123 1791 vult
1144 1729 1331 1807 appellatur

163 1831 304 1894 Inductio
314 1851 326 1894 .·
341 1852 412 1914 quae
426 1836 534 1897 Graece
548 1833 695 1913 Ἰέπαγωγὴ
706 1833 910 1897 numinatur:
925 1853 987 1914 qua
1000 1833 1177 1914 plurimum
1189 1841 1239 1898 est
1253 1853 1329 1897 usus

82 1920 86 1927 ¹
163 1935 195 1998 in
217 1941 416 2002 sermonibus
432 1941 590 2002 Socrates.

201 2047 272 2127 Cap.
291 2049 326 2108 ll
353 2065 417 2108 :-
443 2048 523 2108 Sunt
538 2044 623 2107 enim
642 2043 702 2107 alia
725 2044 893 2122 contraria,
922 2065 994 2126 quae
1006 2047 1165 2127 privantia
1180 2046 1260 2110 licet
1273 2067 1330 2128 ap·
1349 2065 1353 2070 ·

57 2141 59 2144 ’
161 2154 317 2233 pellemus
348 2153 454 2228 latine,
484 2151 584 2214 Graeci
610 2153 772 2231 appellant
790 2152 949 2232 Στερητικά.
977 2153 1163 2233 Praepositio
1183 2153 1272 2214 euim
1295 2159 1330 2216 ta

159 2258 262 2337 privat
274 2259 406 2320 verbum
421 2278 458 2322 ea
472 2257 510 2334 vi,
533 2277 629 2339 quam
643 2258 789 2334 haberet,
810 2259 837 2319 si
848 2263 881 2319 ia
896 2260 1104 2338 praepositum
1120 2278 1185 2321 nou
1201 2259 1327 2338 suisset,
1363 2328 1366 2333 ,

162 2375 196 2429 ut
215 2391 229 2426 n
244 2370 388 2447 dipaitas,
404 2368 594 2446 indipaitas3
606 2369 791 2443 hamanitas,
808 2368 1030 2444 inhumanitas,
1045 2373 1131 2429 etc...

174 2485 177 2490 ’
203 2480 322 2555 Topica,
348 2481 467 2560 cap.·ll
493 2498 555 2539 :-
570 2479 650 2540 Sunt
671 2457 766 2540 etiam
788 2474 848 2537 alia
872 2475 962 2537 valde
985 2474 1154 2551 contraria,
1176 2493 1252 2554 quae
1271 2493 1329 2555 ap·

162 2589 320 2665 pellantur
334 2590 493 2666 neptalim
511 2603 547 2647 ea
558 2583 722 2663 llcuparmi
734 2581 846 2657 Graeei,
862 2580 1021 2644 contraria
1032 2581 1191 2645 aientibus
1201 2582 1244 2662 (l)
1257 2602 1264 2644 :
1278 2589 1326 2658 ut,

166 2715 179 2751 u
194 2693 220 2755 si
233 2695 294 2755 hoc
310 2700 367 2768 est,
389 2692 466 2755 illud
483 2698 621 2754 nonest.
638 2713 653 2749 u

199 2806 274 2882 Cap.
291 2806 328 2864 13
347 2823 353 2865 :
371 2839 409 2847 -
427 2805 473 2864 Ex
498 2804 559 2864 hoc
582 2804 640 2862 iila
658 2801 819 2862 litatorum
847 2806 921 2862 sunt
940 2819 979 2862 aar
994 2805 1158 2862 contrariis
1173 2803 1325 2878 conclusa,

160 2931 231 2992 qnae
246 2909 306 2991 ipsi
318 2910 512 2990 Ἐνθυμήματα
534 2911 697 2989 appellant
720 2929 726 2971 :
752 2927 816 2970 non
844 2907 930 2987 quod
952 2925 1016 2969 non
1042 2905 1145 2969 omnis
1166 2907 1328 2987 sententia

163 3017 431 3097 proprionomiue
446 3015 604 3095 Ἐνθύμημα
615 3015 753 3089 dicatum
771 3015 839 3090 sed,
858 3019 894 3076 ut
909 3016 1064 3075 Homerus
1074 3019 1208 3093 propter
1223 3017 1328 3076 excel-

163 3125 292 3187 lentiam
320 3141 489 3187 commune
510 3129 677 3201 poetarum
705 3139 821 3183 nomen
847 3119 946 3182 eflicit
969 3121 1053 3199 apud
1068 3121 1196 3183 Graecos
1213 3139 1324 3201 suum3

161 3234 216 3308 sic,
234 3250 333 3312 quum
344 3232 446 3292 omnis
461 3231 616 3292 sententia
628 3229 791 3308 Ἐνθύμημα
807 3229 941 3304 dicatur,
958 3228 1032 3307 quia
1046 3228 1170 3288 videtur
1184 3245 1233 3302 ea,
1251 3246 1326 3307 quae

163 3361 200 3402 ex
226 3339 390 3403 contrariis
422 3338 619 3416 conficiatur,
646 3337 839 3414 acutissima,
868 3339 935 3399 sola
951 3335 1080 3418 proprie
1101 3354 1325 3401 nomeneom·

158 3467 260 3510 mune
275 3447 426 3527 possidet.
586 3526 587 3530 Ἰ

204 3558 277 3635 Gap.
294 3559 329 3616 al
353 3575 411 3616 :—
427 3552 642 3627 Quaestiouum
659 3554 723 3615 duo
737 3558 811 3613 sunt
823 3570 939 3632 genera
959 3572 965 3614 :
982 3554 1117 3615 alterum
1139 3552 1323 3616 delinitum.

163 3661 334 3725 Definitum
357 3667 412 3736 est,
426 3661 513 3741 quod
530 3659 672 3720 Ὓπόθεσιν
696 3657 806 3733 Graeci,
821 3676 879 3720 nos
890 3677 1034 3732 caesaram
1050 3656 1223 3735 infinitum,
1239 3661 1327 3738 quod

163 3771 245 3835 Θέσιν
261 3769 305 3830 illi
320 3771 490 3848 appellant,
509 3785 566 3828 nos
573 3771 766 3847 propositum
778 3784 945 3844 possumus
961 3765 1134 3827 nominare.

203 3882 278 3959 Cap.
297 3881 335 3938 22
354 3897 360 3938 :
378 3911 412 3922 -
439 3874 574 3936 Additur
601 3873 698 3936 etiam
722 3875 902 3954 descriptio,
928 3890 1024 3952 quam
1044 3871 1148 3934 Graeci
1158 3875 1328 3955 Χαρακτῆρα

183 3992 287 4050 ocant.

164 4009 181 4051 v
202 4096 275 4174 Gap.
294 4095 357 4154 25:
384 4124 422 4134 -
447 4086 606 4149 Relutatio
621 4093 727 4149 autem
742 4055 964 4161 accusationis,
989 4083 1022 4146 in
1039 4090 1164 4164 quaest
1178 4084 1326 4164 depulsio

197 4329 234 4393 (1)
254 4325 344 4392 spuria
357 4324 409 4374 haec
423 4324 473 4373 duo
486 4321 572 4383 rerba,
585 4320 702 4372 Wetzelio
711 4318 793 4386 judice
803 4321 837 4385 (J.
849 4319 879 4371 V.
896 4319 945 4383 la).
