2790 4770
560 341 763 406 -273-

132 481 346 563 Συναμαρμένον
374 481 459 561 quod
485 482 622 560 appellat
649 478 850 560 ChrysippuS,
866 478 976 542 Cicero
1001 482 1151 560 confotum
1170 498 1241 544 ver·

90 597 164 661 tit...

133 704 247 767 Cierio
263 705 398 786 depiles,
414 705 470 768 lib.
491 706 515 781 I,
532 722 601 784 cap.
619 707 637 767 6
652 723 660 767 :
676 737 717 751 -
734 705 826 765 «Lex
842 708 888 765 est
903 701 983 764 ratio
998 719 1133 779 summe,
1149 702 1242 766 insita

91 812 125 873 in
136 816 260 888 natura,
277 829 348 892 quoe
370 811 463 891 jubet
486 829 532 889 ea,
558 830 628 890 quoe
641 811 787 874 iacienda
802 815 884 886 sunt,
899 809 1109 889 prohibetque
1125 815 1248 873 contra-

90 918 149 981 ria.
164 941 178 979 ν
199 917 342 981 -Paulo
357 924 450 998 post:
470 939 484 977 u
502 919 545 980 Ea
557 924 603 981 est
615 919 700 982 enim
719 924 840 981 naturae
862 918 922 993 vis;
941 935 978 980 ea
990 935 1090 995 mens,
1106 919 1250 998 ratioque

93 1027 279 1107 prudentis3
298 1045 334 1089 ea
355 1026 435 1106 juris
462 1034 557 1107 atque
578 1028 702 1110 injuriae
727 1028 844 1108 regula.
859 1049 874 1087 ν
891 1061 929 1072 -
946 1026 1055 1090 Gioero
1068 1028 1154 1109 prius
1169 1028 1247 1091 illud

98 1155 113 1193 α
125 1134 285 1215 queejmbet
298 1151 333 1195 eo
344 1152 408 1213 que
421 1136 562 1212 furiendo
574 1141 664 1213 sont,
668 1134 863 1216 prohibetque
876 1139 1046 1210 contrarie,
1065 1157 1080 1196 ν
1102 1153 1141 1198 ex
1151 1136 1250 1217 Chry-

93 1242 187 1320 sippo
215 1241 449 1320 interpretatur,
475 1241 535 1322 qui.
546 1240 635 1320 Νόμαν
656 1240 822 1316 definiens,
852 1241 935 1303 inter
956 1246 1061 1303 uetera
1079 1242 1123 1305 ait
1145 1260 1152 1303 :
1177 1245 1253 1302 «Δεῖ

94 1340 164 1408 εἶναι
177 1347 370 1423 προστακτικὸν
386 1348 433 1428 μὲν
459 1351 512 1408 τῶν
533 1348 674 1423 ποιητέων,
689 1347 896 1428 ἀπαγορευτικὸν
912 1344 939 1406 δὲ
960 1351 1013 1408 τῶν
1029 1349 1058 1408 οὗ
1080 1348 1223 1424 ποιητέων.
1235 1372 1249 1410 n

95 1457 226 1517 -Item
240 1455 302 1517 hoc
313 1455 470 1535 posterius
490 1478 505 1515 α
519 1474 554 1517 eu
574 1457 658 1535 jerris
679 1459 769 1534 alque
787 1457 910 1530 injurie
933 1455 1054 1536 requlo,
1071 1479 1084 1516 ν
1103 1474 1141 1519 ex
1156 1457 1254 1539 Chry-

95 1565 190 1644 sippo
205 1564 365 1640 transfert,
382 1563 438 1643 qui
451 1564 495 1625 ait
509 1563 543 1624 in
557 1564 670 1626 eadem
680 1561 884 1624 definitione:
899 1566 944 1621 Δεῖ
955 1554 1022 1622 εἶναι
1034 1561 1131 1625 κανόνα
1146 1564 1256 1625 δικαίων

96 1675 194 1734 τεκαὶ
216 1672 325 1734 ἀδίκων.

137 1779 265 1854 Ibidem,
283 1795 352 1856 oap.
371 1781 414 1840 7:
437 1809 478 1824 -
497 1798 511 1834 α
524 1778 589 1839 Neo
610 1793 684 1839 vero
709 1776 824 1855 ferent,
842 1776 867 1838 si
883 1775 1055 1856 audierint,
1070 1783 1102 1842 te
1117 1778 1259 1857 primum

97 1891 195 1965 eaput
210 1885 284 1948 libri
300 1884 412 1966 optimi
425 1885 614 1967 prodidisse,
631 1886 665 1946 in
679 1903 744 1966 quo
758 1885 896 1964 scripsit,
915 1885 1018 1947 «mihil
1031 1905 1136 1948 rurore
1148 1886 1257 1962 Deum,

96 2013 152 2055 ner
163 1998 224 2070 sui,
244 2012 296 2056 meo
312 1996 415 2057 alieni.
431 2015 446 2054 ν
464 2027 505 2040 -
522 1996 598 2058 Haee
624 1998 697 2056 sunt
709 2011 748 2056 ex
761 1993 843 2054 libro
861 2010 957 2073 quern
983 1994 1140 2074 Epicurus
1158 1993 1259 2076 Κυρίας

97 2098 176 2168 δόξας
195 2098 367 2179 inscripsit.
388 2102 463 2162 Haeo
478 2097 563 2162 enim
579 2098 643 2160 illio
665 2097 768 2176 prima
785 2097 940 2159 sententia
955 2102 1002 2159 est
1019 2114 1027 2158 :
1051 2096 1115 2158 «Τὸ
1129 2096 1260 2179 μακάριον

95 2205 144 2266 καὶ
154 2205 285 2290 ἄφθαρτον
295 2205 357 2267 οὔτε
368 2204 433 2267 αὐτὸ
447 2205 593 2290 πράγματα
607 2205 673 2288 ἔχει,
691 2205 749 2266 οὔτε
761 2207 833 2289 ἄλλῳ
843 2207 1037 2287 παρέχαιο-
1046 2206 1135 2268 Idem
1148 2205 1259 2269 Cicero

95 2314 158 2376 ista
173 2332 311 2395 quorum
327 2314 380 2378 hio
394 2332 523 2379 sensum
536 2314 760 2378 tantummodo
774 2314 919 2394 exposuit
935 2314 980 2395 (de
994 2317 1065 2378 Not.
1083 2318 1188 2392 Deum,
1206 2317 1257 2377 11.

93 2440 124 2484 a.
139 2422 225 2484 Edit.
238 2422 336 2504 nid),
348 2422 389 2484 ad
403 2423 535 2486 verbum
547 2423 592 2485 ita
602 2422 744 2485 reddidit
760 2438 768 2483 :
788 2442 802 2480 u
816 2423 900 2501 qood
913 2423 1029 2485 beetmm
1045 2431 1074 2485 et
1085 2423 1255 2486 immortale

92 2535 149 2604 est,
171 2528 205 2589 id
217 2529 370 2592 nechabet
383 2548 436 2592 mee
448 2528 723 2609 exhibetemiquom
737 2534 900 2606 nepotimm.
916 2550 930 2587 ν

136 2635 228 2712 Idem,
245 2653 316 2716 cap.
331 2638 366 2698 n
399 2652 408 2698 ι
431 2668 473 2683 -
496 2656 512 2694 α
530 2639 609 2699 Nem
622 2642 653 2698 et
675 2635 833 2716 voluptate
850 2635 1020 2715 capiuntur
1041 2652 1252 2716 ornnes3quae

92 2742 154 2805 etsi
166 2743 336 2805 illecebram
356 2743 570 2823 turpitudinis,
581 2748 690 2806 tamen
701 2743 799 2805 hahet
813 2741 968 2822 quiddam
981 2742 1086 2805 simile
1100 2745 1252 2807 naturalis

91 2849 209 2912 boni.»
222 2850 311 2912 Plato
326 2850 360 2910 in
371 2849 493 2911 Timaeo
504 2846 618 2921 Ἡδονήν
634 2849 773 2930 appellat
787 2849 886 2932 Δέλααρ
901 2852 1002 2911 κακῶν.
1014 2851 1062 2912 Ad
1073 2850 1142 2912 haeo
1155 2850 1251 2913 verba

91 2951 226 3034 respicit
242 2955 295 3016 hio
320 2956 429 3018 Cicero
443 2957 544 3039 Δεῦααρ
562 2955 773 3036 interpretans
800 2958 990 3034 illecebram·
1004 2975 1104 3037 quum
1119 2957 1152 3018 in
1166 2957 1249 3023 libro

90 3065 136 3125 de
159 3065 329 3151 Senectute
344 3067 472 3156 verterit
489 3085 608 3142 eseam,·
625 3066 738 3128 ubisit
760 3085 767 3128 :
789 3086 805 3125 α
822 3065 977 3129 Divinitus
992 3065 1077 3129 enim
1094 3067 1184 3130 Plato
1205 3087 1248 3130 es·

89 3190 161 3235 eom
174 3173 335 3251 melorum,
351 3176 532 3252 voluptutem
545 3176 720 3254 appellat.»

135 3281 178 3342 De
200 3282 286 3361 Lep..
309 3280 364 3343 lib.
384 3283 421 3358 II,
448 3299 518 3360 oap.
540 3285 579 3344 26
595 3303 603 3342 ε
622 3315 659 3328 -
681 3303 696 3339 u
712 3282 744 3345 Si
763 3281 834 3362 quis
846 3281 977 3345 bustum
991 3288 1046 3345 aut
1060 3299 1248 3347 monumen·

87 3396 176 3466 tum,
201 3388 307 3468 inquit
331 3389 437 3461 Solon,
467 3394 522 3450 aut
543 3389 712 3450 columnam
733 3388 868 3464 violarit,
890 3389 1054 3467 dejecerit,
1073 3389 1241 3470 fregerit.»

87 3526 135 3543 -
159 3496 258 3557 Paulo
274 3500 348 3575 post
377 3514 385 3558 :
405 3497 516 3557 «Nam
540 3513 634 3575 super
648 3500 741 3557 terrae
755 3494 917 3557 tumulum
934 3495 1038 3558 noluit
1055 3495 1133 3574 quid
1151 3494 1246 3560 statui

95 3599 163 3664 nisi
176 3601 376 3680 columellam,
387 3601 489 3664 tribus
504 3600 620 3664 enbitis
633 3619 673 3664 ne
682 3602 863 3664 altiorem...
876 3623 891 3660 ν
902 3634 939 3647 -
949 3601 1058 3666 Cicero
1073 3601 1182 3678 Σπήλην
1197 3621 1249 3666 σο·

98 3712 247 3786 lumnam,
263 3709 383 3783 Στηλίδα
394 3708 584 3771 colomellam
598 3707 651 3770 hio
666 3707 891 3786 interpretatus
905 3712 962 3771 est.
