2790 4770
562 171 739 236 -ιγ-

116 313 288 392 Multiplico
303 311 357 391 (i),
374 312 415 373 of.
434 310 672 378 πολλαπλασιάζει).

115 421 131 457 *
154 422 351 500 Omnipotens
364 419 421 501 (ᾖ),
436 420 477 482 cf.
493 418 674 499 πανδύναμος,
691 417 898 495 παντοδύναμος,
911 417 1110 500 παντοκράτωρ.

116 528 320 606 Philosopiwr
332 525 387 609 (3),
405 526 446 588 ci.
464 525 620 608 φιλοσοφέω.
668 560 670 564 -

116 637 133 673 *
156 635 372 716 Quadrijttqus
386 634 439 714 (4),
455 634 496 696 cf.
511 633 673 716 τετρᾶρυμος
688 633 770 715 (ὄχος)
783 636 832 699 vel
847 635 976 718 τέτρωρον
989 635 1073 718 ἅρμα.
1139 628 1142 633 ’

118 745 133 780 *
156 743 397 823 Quadrupedans
411 741 465 824 (5),
478 743 518 805 cf.
535 740 664 823 τετρᾶπεζ
693 790 700 803 .

119 851 135 887 *
155 850 284 932 Reqifice
300 849 350 930 (6),
366 852 407 912 ci.
424 848 576 930 βασιλικῶς.

121 959 281 1021 Rhetorica
295 960 349 1040 (7),
366 960 407 1020 ci.
424 959 579 1039 Ῥητορική.

120 1067 264 1146 Sacrifico
283 1066 336 1146 (8),
353 1065 396 1126 ci.
412 1065 560 1146 ἱεροποιέω.

119 1173 368 1253 δορὶοηίὶροίοοοε,
383 1173 423 1234 cf.
440 1172 634 1255 κρατερόρρων.

121 1282 323 1359 siceitatem,
341 1280 383 1340 ci.
401 1277 572 1360 ἀστρορόρος.
596 1307 605 1320 ·

125 1385 286 1460 Vettonica,
302 1387 344 1448 ci.
361 1384 547 1466 ἰστιοδρομέω,
567 1387 608 1453 de
622 1403 687 1465 quo
702 1385 885 1464 supradixi.

115 1607 186 1669 illas
195 1606 387 1684 compositas
398 1605 567 1681 dictiones,
579 1604 697 1683 passim
710 1604 743 1665 in
756 1604 849 1666 variis
859 1605 954 1666 Ennii
962 1606 1113 1683 operibus
1126 1607 1236 1683 lactea,

73 1719 150 1776 ante
162 1714 272 1776 oculos
285 1713 388 1792 posui,
406 1714 492 1792 quod
510 1730 547 1774 ex
564 1713 828 1791 interpretatione
845 1718 899 1775 aut
914 1713 1093 1776 imitatione
1111 1717 1238 1777 Graeco·

74 1840 151 1884 rum
163 1823 243 1884 mihi
259 1823 418 1902 proficisci
430 1823 609 1885 videantur.
627 1823 703 1895 Quis
720 1822 805 1884 enim
820 1839 929 1884 earum
952 1822 1122 1902 plerasque
1143 1824 1238 1903 leget,

75 1949 138 1993 nec
152 1931 259 1992 statim
275 1933 399 1992 Graecas
418 1948 522 2006 voces,
545 1948 618 2010 quae
637 1948 696 2009 pro
711 1930 875 2009 exemplis,
893 1936 930 1992 ut
944 1930 989 1992 ita
1004 1931 1120 2006 dicam,
1138 1931 1240 1992 Ennio

74 2038 222 2112 inerunt,
249 2043 362 2118 sponte
385 2039 418 2098 in
439 2043 580 2101 mentem
605 2037 785 2101 revocabit?
806 2038 916 2099 'ialam
942 2036 1040 2117 igitur
1066 2038 1239 2099 verborum

75 2138 220 2208 indicem
232 2147 392 2208 ordinanti
406 2152 608 2208 cantantum
623 2145 779 2226 contingit
791 2163 809 2206 a
822 2145 984 2225 proposita
998 2164 1062 2207 non
1079 2146 1238 2208 declinare

76 2253 245 2328 sententia,
260 2253 476 2315 verumetiam
492 2253 596 2314 Latini
612 2253 767 2314 sermonis
783 2252 904 2316 ditandi
921 2255 1078 2316 rationem
1094 2255 1234 2317 usitatis-

77 2360 194 2420 simam
208 2362 387 2422 ostendere.
404 2363 513 2440 ltaque
533 2361 639 2422 Naevio
661 2360 828 2440 Ennioqne
850 2380 913 2423 non
936 2363 1109 2425 defuerunt
1131 2363 1238 2426 imita·

76 2474 184 2544 tores,
204 2469 258 2548 qui
273 2488 354 2531 nova
374 2470 522 2550 fingendo
544 2474 662 2531 Graecae
683 2467 834 2530 orationis
857 2469 1038 2532 ubertatem
1060 2455 1237 2534 consectari

78 2575 220 2649 voluere,
238 2580 271 2636 et
285 2593 344 2654 pro
360 2575 442 2636 virili
458 2579 547 2653 parte
560 2591 669 2637 rerum
684 2574 785 2651 copiae
802 2574 974 2637 verborum
988 2576 1114 2655 copiam
1127 2596 1238 2656 parem

78 2683 208 2744 efficere
220 2687 430 2745 tentaverunt.

112 2970 152 3032 (1)
167 2967 206 3017 Ab
216 2967 315 3033 egregiis
328 2981 410 3016 rerum
423 2964 583 3032 scriptoribus
596 2974 742 3030 usurpatus;
765 2964 831 3014 inter
845 2980 906 3030 quos
919 2964 1028 3015 eminent
1043 2965 1121 3016 Cesar
1136 2968 1174 3030 (B.
1191 2969 1233 3027 G„

75 3053 124 3115 lli,
143 3054 197 3118 32),
210 3052 292 3102 Livius
305 3061 330 3102 et
343 3051 437 3102 Cicero.

112 3139 153 3205 (2)
170 3136 234 3202 Virg.
249 3139 315 3198 AEn„
328 3136 347 3195 Ι,
363 3138 411 3195 60;
427 3135 456 3195 Χ,
474 3141 494 3186 l.

112 3223 155 3289 (3)
173 3221 222 3272 Cic.
238 3225 319 3283 Tura,
338 3223 395 3278 liii,
408 3220 434 3279 b,
448 3241 460 3265 a
474 3235 530 3268 cnm
545 3218 660 3268 Graeculis
674 3217 863 3284 philosophari»
877 3234 883 3267 :
898 3235 960 3285 saepe
970 3219 1027 3269 alibi
1037 3220 1131 3285 legitur.

112 3310 154 3374 (i)
171 3306 235 3372 Virg.
250 3309 351 3374 θεωρῇ,
362 3304 406 3366 111,
424 3307 469 3362 183
484 3307 549 3361 AEa.‚
564 3305 594 3362 Χ,
608 3307 664 3354 571,

111 3394 152 3460 (5)
169 3394 249 3444 Plaut.
261 3394 354 3462 (Capi,
368 3392 409 3449 IV,
422 3395 448 3453 2,
464 3395 515 3454 34).
527 3391 592 3455 Virg.

112 3483 154 3545 (6)
174 3501 187 3524 a
200 3477 320 3543 Regificus
336 3499 348 3522 π
364 3475 488 3542 aVirgilio
498 3475 601 3542 scriptus
615 3485 650 3525 est
664 3477 743 3539 (AEra,
753 3473 796 3530 vl,
811 3477 878 3535 605).

111 3565 153 3630 (t)
173 3585 185 3607 ιι
195 3561 348 3612 Rhetorica»
363 3570 432 3611 tanto
445 3560 472 3609 in
485 3560 579 3610 honore
593 3570 629 3610 est
645 3559 709 3626 apud
729 3559 827 3609 Latinos
843 3569 871 3608 ut
890 3559 958 3624 quasi
977 3561 1085 3626 patrium
1099 3562 1240 3627 avitumque

71 3652 191 3703 colorem
204 3647 316 3707 retineat,
332 3648 399 3713 quod
409 3646 505 3712 quidem
518 3645 627 3695 Graecum
639 3661 727 3695 nomen
740 3644 820 3694 Latini
832 3644 936 3693 fideliter
949 3645 1130 3712 transcripsere.

110 3736 152 3801 (8)
173 3734 229 3783 Non
243 3734 314 3784 semel
325 3732 391 3799 apud
401 3732 434 3781 it.
447 3731 555 3781 Tullium
572 3740 616 3791 est,
629 3740 677 3781 at«
691 3730 837 3780 sacrificium
848 3750 860 3774 r
872 3746 942 3797 saepe.
955 3729 985 3781 T.
998 3730 1063 3789 Lis„
1080 3730 1179 3793 xxvii,
1190 3734 1219 3781 10
1232 3748 1239 3793 ;

69 3821 153 3881 XLV,
170 3822 211 3871 ii.
