2790 4770
606 300 784 363 ...45-

115 441 195 504 bum
210 443 306 505 verbo
321 445 486 523 redderel;
508 440 622 520 saepius
640 457 822 520 operosum,
838 440 950 514 fateor,
967 440 1026 501 sibi
1043 457 1171 502 sumens
1184 438 1274 502 labo-

116 566 197 626 rem,
213 550 252 611 ab
275 550 363 612 omni
386 555 475 631 parte
491 568 555 611 non
573 567 702 628 prorsus
729 549 876 624 arduum,
905 547 1023 627 quique
1038 548 1077 609 ad
1103 564 1272 629 prosperos

115 656 220 719 exitus
242 657 352 720 multis
374 657 408 718 in
432 657 511 720 locis
529 655 645 718 adduci
664 659 782 736 posset.
804 655 945 736 Namque
967 655 992 716 si
1016 654 1272 734 comparationes

114 768 328 850 inritatusque
345 768 532 846 conciones,
564 767 619 830 uhi
640 767 810 831 vehemens
831 766 929 827 animi
954 766 1092 848 impetus
1115 772 1273 830 oratorem

114 875 425 957 interspirationibus
441 878 487 939 uti
502 895 566 939 non
580 876 711 955 patitur,
729 873 904 956 exceperis,
917 876 1002 955 apud
1017 877 1191 938 Homerum
1205 894 1272 939 sen·

114 983 218 1047 tentia
240 985 365 1048 duobus
391 989 518 1049 tantum
537 988 593 1047 aut
614 983 718 1046 tribus
736 982 877 1045 versibus
901 985 1049 1047 conclusa
1076 1003 1114 1048 ae
1127 1002 1273 1065 compre-

115 1096 216 1159 hensa
226 1095 414 1176 plerumque
425 1098 556 1174 apparet
568 1111 575 1155 ε
588 1092 642 1155 ille
653 1097 764 1155 contra
778 1092 830 1155 cui
846 1091 1018 1174 «spiritum
1031 1094 1130 1157 Graiae
1143 1100 1273 1158 tenuem

115 1206 275 1267 Camoenae
288 1227 303 1265 n
322 1206 421 1267 Paroa
433 1221 497 1265 non
512 1203 647 1293 mendax
667 1200 810 1277 dederat,
838 1201 870 1264 in
890 1202 1150 1283 interpretatione
1170 1206 1272 1269 multo

116 1312 251 1376 liberior
274 1312 412 1392 ideoque
433 1311 566 1375 inferior
590 1311 776 1374 Andronico
798 1309 926 1392 (nempe
947 1311 997 1373 sui
1021 1312 1102 1377 hene
1125 1315 1271 1378 conscius

117 1419 252 1502 ingenii,
270 1439 426 1502 suumque
447 1439 528 1501 opus
547 1437 584 1482 eo
606 1418 772 1500 pulchrius
787 1420 854 1482 lore
877 1425 963 1482 retus
978 1439 1042 1501 quo
1056 1421 1163 1484 minus
1177 1423 1273 1485 serri-

118 1527 193 1590 uter
210 1526 373 1607 Euripidis
386 1512 730 1608 vestigiis'insisteret),
747 1526 841 1588 leude
856 1527 1024 1607 diiigenter
1044 1546 1081 1592 ee
1102 1546 1272 1594 numerose

118 1632 272 1713 loquendi
293 1632 454 1713 praestitit.
476 1635 544 1696 lmo
564 1633 626 1695 hoc
647 1633 771 1710 vitium,
793 1635 879 1713 quod
901 1632 977 1709 dixi,
1001 1635 1121 1715 aliquid
1146 1652 1274 1699 excusa-

119 1741 215 1803 tionis
230 1740 339 1816 habet,
359 1759 421 1804 non
447 1740 686 1824 illius-quidem
706 1741 822 1821 justae,
857 1744 912 1804 sed
938 1762 1008 1823 quae
1032 1745 1271 1824 quodammodo

119 1846 248 1926 probari
269 1865 362 1928 posse
385 1847 541 1910 videatur.
565 1848 669 1920 Quum
691 1847 776 1911 enim
794 1846 936 1911 earmina
959 1850 1126 1913 moliretur
1148 1858 1272 1931 auctor,

118 1955 214 2018 simul
237 1961 269 2019 et
296 1956 526 2036 perlectionem
549 1955 744 2037 tragicorum
765 1957 893 2039 linguae,
926 1959 1006 2021 adeo
1032 1959 1232 2028 abhorrentis
1255 1979 1273 2023 a

119 2061 257 2141 simplici
269 2080 328 2126 uec
340 2059 463 2127 adscito
478 2063 607 2127 Homeri
617 2080 774 2138 sermone,
797 2065 938 2127 aemulari
950 2067 1056 2143 vellet,
1069 2066 1173 2130 adhuc
1185 2067 1272 2131 rudis

117 2168 186 2248 ipse
202 2174 233 2232 et
243 2168 437 2246 inconditus,
454 2188 517 2233 non
530 2169 646 2233 mirum
662 2169 687 2231 si
697 2170 767 2251 plus
775 2173 863 2252 justo
877 2173 917 2238 ab
930 2174 1102 2255 exemplari
1115 2176 1273 2256 digressus

117 2272 321 2338 aberraverit.
1026 2290 1032 2304 ·

571 3024 743 3106 CAPUT
771 3028 819 3107 V.

215 3322 316 3369 ll'l'llllld
338 3321 443 3370 tr‘rlds
464 3324 505 3370 ΑΝ
527 3324 634 3372 CICERO
655 3326 687 3373 IN
708 3328 841 3375 Ld'l'lllllld
864 3330 1012 3378 vallantur
1033 3331 1107 3379 Loca
1129 3333 1180 3380 UBI

495 3431 660 3480 SOPHOGLES
681 3434 719 3480 ΕΤ
739 3435 897 3483 AESGHYLUS

267 3536 483 3585 annumerans
507 3539 658 3587 INDUCUNT
688 3541 868 3589 enodarunt
888 3545 928 3590 ΕΤ
948 3545 1119 3593 delevisti.
1172 3521 1174 3526 Ι

156 3770 342 3847 superesset
364 3774 401 3832 ut
423 3769 463 3832 de
477 3770 539 3833 alio
561 3774 744 3837 (trecorum
762 3773 935 3857 interprete
959 3778 1119 3858 loquerer,
1139 3779 1164 3840 si
1188 3781 1274 3861 frag·

118 3879 224 3935 menta
239 3872 304 3951 illa,
322 3875 362 3936 de
375 3876 533 3956 Sophocle
548 3885 580 3942 et
589 3880 738 3962 AEschylo
753 3900 913 3961 conversa,
931 3876 1003 3966 quie
1018 3885 1120 3947 nos—in
1135 3889 1273 3949 seeundo

117 3979 366 4043 Tusculanarum
391 3981 643 4064 disputationum
672 3986 756 4050 libro
776 3989 939 4068 miramur,
959 3991 1045 4057 Attio
1069 3998 1155 4056 recte
1177 3994 1274 4058 tribui

118 4104 210 4165 posse
225 4103 398 4151 censerem.
425 4091 500 4152 Uter
514 4092 692 4156 carminum
706 4095 841 4160 istorum
858 4102 969 4162 auctor
981 4105 1086 4163 certus
1101 4100 1274 4163 existimari

119 4193 243 4272 debeat,
260 4195 412 4259 Cicerone
427 4214 468 4260 an
482 4198 596 4276 Attius,
614 4203 784 4281 quaesitum
796 4210 852 4267 est.
865 4238 906 4250 -
919 4205 1029 4268 Plures
1045 4205 1141 4286 (haud
1153 4207 1274 4287 nescio)

118 4301 166 4363 vel
190 4301 274 4366 inter
290 4302 431 4366 eruditos
443 4303 538 4382 primi
552 4308 736 4389 conjectura
752 4311 914 4375 ducuntur
934 4313 972 4374 ad
989 4312 1213 4391 suspicandum
1225 4314 1276 4376 Gi-
