2790 4770
585 266 630 280 -
657 232 719 297 tle
734 248 786 280 '-

102 375 131 426 et
144 367 181 426 ob
194 367 247 426 has
261 375 393 443 generata
416 383 527 439 causas,
548 384 639 426 unum
659 367 810 426 circuitum
829 366 905 426 orbis
925 367 1012 426 eflicit
1032 365 1269 441 sapientissimum

79 475 85 485 ’
103 494 187 559 atque
199 485 352 559 optimum3
372 474 477 544 mensis
495 493 599 554 autem,
613 484 725 559 quando
742 488 834 556 Luna,
856 485 974 542 lustrato
995 500 1159 557 succursu,
1178 484 1270 544 Solem

103 613 258 663 consecuta
275 613 336 675 est3
349 620 451 676 annus,
471 602 518 662 nbi
536 603 583 662 Sol
601 619 683 662 suum
694 611 786 660 totum
801 601 922 660 confecit
939 610 967 659 et
986 602 1142 677 peragravit
1160 603 1269 660 orbem.

104 722 278 780 caeterorum
295 704 390 794 autem
402 720 528 779 siderum
540 720 661 779 ambitus
673 719 834 794 ignorantes
846 719 986 790 homines,
1000 726 1102 792 praeter
1116 717 1271 778 admodum

106 853 226 912 paucos,
240 853 333 912 neque
350 854 454 897 nomen
472 838 626 912 appellant,
644 853 736 909 neque
758 837 831 895 inter
848 852 878 894 se
898 851 1015 893 numero
1039 834 1270 893 commetiuntur.

106 958 208 1030 ltaque
219 956 347 1014 nesciunt
359 955 411 1012 bos
422 954 547 1013 siderum
558 970 677 1021 errores,
690 954 719 1011 id
733 954 825 1026 ipsum
839 969 910 1020 esse,
925 952 999 1025 quod
1015 953 1068 1012 rite
1089 951 1190 1010 dicitur
1202 959 1273 1010 tem·

107 1089 175 1147 pus,
201 1071 377 1130 multitudine
401 1071 521 1142 infinita,
544 1071 676 1131 varietate
699 1070 858 1130 admirabili
882 1071 1023 1143 praeditos.
1046 1059 1179 1129 Attamen
1203 1067 1275 1128 illud

107 1191 226 1269 perspici
245 1199 272 1248 et
290 1191 406 1265 intelligi
425 1199 527 1265 potest,
547 1191 675 1248 absoluto
695 1190 874 1264 perfectoque
892 1207 1011 1248 numero
1025 1189 1171 1263 temporis,
1191 1189 1275 1250 abso·

107 1311 198 1370 lutum
214 1307 426 1383 perlectumque
436 1325 543 1368 annum
554 1317 622 1366 tuno
633 1309 767 1382 compleri
779 1308 910 1384 denique,
925 1324 1011 1382 quum
1023 1324 1053 1366 se
1066 1317 1129 1366 octo
1140 1307 1270 1378 ambitus,

107 1411 246 1486 conlectis
257 1425 315 1486 suis
328 1427 465 1495 cursibus,
478 1425 515 1484 ad
526 1426 599 1484 idem
612 1435 696 1500 caput
706 1427 878 1498 retulerunt,
892 1443 1033 1502 quumque
1047 1442 1095 1484 eos
1108 1442 1275 1501 permensus

107 1553 153 1602 est
164 1543 242 1601 idem
255 1551 284 1601 et
296 1558 406 1616 semper
418 1543 461 1601 sui
473 1543 573 1600 similis
587 1544 661 1601 orbis
673 1544 718 1617 (t).

148 1664 189 1720 X.
208 1663 268 1718 Has
280 1661 364 1735 igitur
382 1660 418 1717 ob
429 1675 528 1717 causas
539 1668 603 1716 nata
616 1669 690 1717 astra
707 1667 791 1727 sunt,
808 1676 886 1733 quae,
899 1676 947 1735 per
963 1660 1066 1718 eoelum
1084 1661 1272 1733 penetrantia,

109 1777 251 1836 solstitiali
271 1793 300 1835 se
316 1785 344 1834 et
364 1776 483 1835 brumali
496 1776 673 1834 revocatione
693 1785 909 1835 converterent:
928 1785 959 1834 ut
978 1779 1030 1834 boo
1051 1793 1134 1835 omne
1152 1779 1272 1847 animal,

110 1892 187 1968 quod
199 1891 334 1960 videmus,
347 1901 420 1950 esset
431 1892 467 1950 illi
479 1892 603 1961 animali,
616 1890 690 1966 quod
703 1893 849 1958 sentimus,
864 1891 901 1948 ad
912 1893 1273 1953 aeternitatisimitationem

110 2011 300 2069 simillimum.
315 2013 351 2067 Et
362 2018 463 2068 caetera
475 2009 589 2082 quidem
604 2025 691 2083 usque
703 2008 740 2066 ad
751 2010 884 2082 temporis
894 2017 986 2066 ortum
1003 2009 1138 2084 impressa
1155 2012 1272 2082 abillis,

111 2142 176 2201 quae
186 2127 360 2194 imitabatur,
372 2125 518 2183 effinxerat
531 2143 538 2181 :
551 2123 600 2182 sed
611 2126 676 2198 quia
690 2124 813 2182 nondum
827 2140 911 2182 omne
920 2125 1024 2182 animal
1042 2126 1069 2181 iu
1083 2125 1187 2183 mundo
1197 2127 1272 2185 intus

110 2242 272 2315 incluserat,
285 2257 319 2298 er
331 2257 362 2298 ea
380 2249 458 2314 parte
470 2238 616 2297 deficiebat
629 2239 666 2297 ad
680 2239 856 2312 propositum
872 2239 1014 2312 exemplar
1030 2240 1161 2314 imaginis
1172 2240 1273 2298 simili-

110 2359 191 2418 tudo.
205 2361 281 2432 Quot
292 2358 377 2431 igitur
390 2365 419 2415 et
430 2358 526 2431 quales
539 2356 703 2413 animalium
715 2355 820 2413 lormas
833 2372 924 2429 meus,
938 2357 967 2412 in
981 2357 1103 2430 speciem
1115 2374 1209 2415 rerum
1227 2359 1271 2414 in-

106 2484 200 2547 tuens,
211 2482 320 2547 poterat
331 2489 455 2541 cernere,
469 2472 585 2530 totidem
595 2481 624 2546 et
634 2473 702 2530 tales
714 2472 743 2528 in
756 2473 807 2529 boo
816 2473 924 2530 mundo
936 2489 1033 2531 seeum
1045 2475 1178 2547 cogitavit
1188 2473 1270 2532 estiu-

108 2607 184 2665 gere.
204 2593 292 2648 Erant
309 2598 405 2647 autem
420 2589 608 2646 animantium
622 2605 723 2663 genera
740 2597 869 2662 quatuor.
889 2591 1015 2660 Quorum
1037 2606 1126 2647 unum
1144 2589 1270 2648 divinum

109 2716 194 2782 atque
204 2708 329 2777 eoeleste3
343 2707 461 2766 alterum
473 2707 655 2780 pennigerum
667 2715 696 2764 et
706 2708 829 2779 aerium3
842 2708 965 2778 tertium,
979 2709 1117 2781 aquatile3
1130 2717 1272 2780 terrestre,

110 2831 254 2898 quartum.
263 2823 370 2881 Divinae
378 2822 554 2880 animationis
564 2823 684 2880 maxime
692 2824 811 2897 speciem
820 2823 979 2882 faciebatex
987 2823 1273 2897 igne,itautsplendi·

108 2939 320 2998 dissimuresset
330 2949 358 2998 et
368 2939 503 3015 adspectu
514 2940 732 3014 pulcherrimum
742 2955 884 3013 quumque
894 2940 1014 2996 similem
1026 2939 1214 2998 universitatis
1222 2957 1273 2998 na·

112 3067 185 3116 turae
193 3057 302 3116 eidoere
314 3059 404 3130 vellet,
416 3057 451 3116 ad
459 3058 659 3115 volubilitatem
670 3056 840 3129 rotundavit,
851 3059 1009 3133 comiteque
1020 3058 1054 3132 (2)
1064 3074 1129 3116 eum
1139 3059 1274 3132 sapientia

114 3191 201 3250 quam
211 3175 325 3248 optimae
337 3175 437 3233 mentis
449 3173 550 3244 olfecit,
562 3173 722 3246 circumque
731 3174 832 3231 eoelum
842 3174 987 3248 aeqnaliter
996 3175 1148 3244 distribuit,
1159 3183 1191 3233 ut
1199 3176 1275 3234 hune

114 3291 168 3349 bac
181 3291 313 3349 varietate
324 3290 487 3348 distinctum
500 3290 570 3347 bene
582 3291 674 3351 Graeoi
686 3290 794 3359 κόσμον,
809 3307 862 3348 nos
876 3293 1017 3349 lucentem
1031 3292 1166 3350 mundum
1181 3293 1274 3349 nomi·

113 3423 255 3466 naremus.
271 3406 356 3465 Dedit
365 3415 460 3465 autem
471 3407 571 3464 divinis
583 3408 637 3466 duo
648 3425 749 3480 genera
757 3417 868 3466 motus:
882 3425 981 3477 unum,
992 3409 1067 3482 quod
1079 3425 1191 3482 semper
1201 3417 1274 3468 esset

114 3526 144 3582 in
156 3524 256 3582 eodem
268 3539 359 3597 aeque,
374 3531 404 3582 et
414 3523 489 3581 idem
501 3525 528 3581 iu
542 3525 673 3582 omnibus
690 3533 774 3598 atque
787 3525 939 3583 utromodo
956 3526 1101 3595 [celeraret
1113 3529 1148 3600 (3)
1158 3532 1185 3598 ];
1204 3527 1275 3584 alte-

67 3634 70 3639 ’
114 3658 195 3710 rum,
208 3641 284 3715 quod
297 3642 326 3698 in
339 3642 459 3699 audeam
475 3645 583 3715 partem
602 3660 618 3699 a
632 3645 811 3700 conversione
824 3643 949 3717 ejusdem
961 3652 989 3700 et
1002 3644 1101 3701 similis
1116 3645 1284 3723 pelleretur,

114 3760 247 3833 Quinque
262 3767 357 3817 autem
372 3759 486 3832 reliquis
497 3760 619 3817 motibus
632 3761 729 3818 orbem
749 3776 814 3818 eum
828 3776 889 3818 esse
901 3761 991 3817 voluit
1004 3770 1157 3834 expertem,
1176 3761 1275 3820 immo·

148 4098 185 4165 (l)
203 4096 240 4148 Cf.
255 4096 317 4158 Cim,
329 4095 361 4145 de
375 4101 444 4167 dep„
460 4096 500 4157 Vl,
519 4101 560 4150 12.

149 4183 187 4246 (2)
206 4179 326 4233 Comitem
335 4178 442 4247 (omli).

149 4269 187 4335 (3)
205 4269 258 4321 lior
270 4279 425 4338 corruptum,
440 4280 469 4322 ut
481 4269 543 4322 vidit
555 4271 585 4323 tl.
602 4270 689 4338 Steph.
706 4270 808 4338 (Orelli.
