2790 4770
588 318 720 382 -249
747 352 789 366 --

583 586 697 649 11311133,
712 586 756 637 lib.
773 585 812 637 lV.

153 779 227 858 Cap.
241 781 281 840 2:
298 813 336 823 -
350 782 417 841 Hoc
429 780 500 840 loco
514 783 637 841 tantum
653 779 737 855 dico,
754 796 771 839 3
785 778 943 841 veteribus
958 778 1175 859 Peripateticis
1189 781 1268 840 Aca-

114 886 323 966 demicisque,
358 884 412 964 qui
444 902 478 947 rc
500 886 744 963 consentientes,
769 887 931 949 vocabulis
964 887 1164 962 differebant,
1194 902 1268 948 eum

112 995 233 1070 locum,
257 1010 354 1073 quem
376 993 496 1055 civilem
520 999 606 1056 recte
627 992 815 1074 appellaturi
835 994 991 1071 videmur,
1011 996 1111 1058 Graeci
1125 1018 1140 1052 a
1157 996 1272 1054 Πολιτι-

113 1101 171 1178 κόν,
186 1124 200 1160 3
219 1102 400 1181 gravitaret
422 1103 551 1181 copiose
572 1119 640 1163 esse
660 1106 844 1164 tractatum.

131 1280 133 1284 ¹
156 1210 230 1287 Gap.
246 1211 265 1277 6
281 1228 288 1270 :
305 1240 345 1253 -
428 1208 507 1269 lllud
530 1209 614 1270 enim
632 1215 753 1284 rectam,
776 1209 861 1288 quod
879 1229 894 1265 a
912 1208 1079 1288 Kardpdopa
1093 1229 1108 1266 3
1126 1208 1266 1283 dicebas,

117 1313 336 1395 contingitque
357 1314 490 1393 sapienti
508 1317 578 1378 soli.
959 1318 962 1321 ’

150 1424 233 1501 ‚Gap
258 1424 296 1484 11
325 1439 334 1482 :
361 1455 401 1467 -
426 1423 605 1485 Nataratcm
638 1423 724 1485 euim
764 1426 999 1503 appetitionem,
1034 1440 1128 1502 quarn
1159 1428 1273 1485 vocant

117 1528 226 1609 ‘Orno
230 1574 290 1592 ·····

158 1636 232 1715 Cap.
247 1638 288 1698 26
304 1656 365 1698 :-
383 1641 453 1714 lsta,
477 1637 593 1717 inquit,
621 1655 692 1716 quae
714 1636 834 1712 dixisti,
855 1636 970 1712 valere,
983 1637 1178 1715 locupletem
1192 1653 1271 1711 csse,

119 1760 184 1813 non
205 1743 327 1819 dolere,
347 1743 431 1806 bona
452 1763 516 1806 non
543 1744 627 1820 dico,
648 1745 703 1806 sed
727 1745 832 1806 dicam
853 1746 961 1805 Graece
977 1766 991 1802 a
1008 1743 1180 1825 Προηγμένα,
1196 1767 1210 1803 o
1230 1745 1275 1804 13-

120 1850 185 1911 tine
202 1855 308 1911 autem
328 1853 501 1929 prodacta·
521 1853 575 1913 sed
594 1856 759 1931 prapositu
779 1857 833 1913 aut
846 1851 1002 1930 praecipua
1018 1853 1113 1913 rnalo.
1132 1851 1184 1914 Sic
1198 1851 1276 1911 tole-

120 1955 251 2018 rabilius
267 1962 299 2018 et
313 1955 453 2019 mollius·
803 2018 806 2024 .

161 2063 235 2140 Gap.
252 2065 314 2125 tt:
335 2100 372 2114 -
386 2065 461 2125 Haeo
483 2083 496 2121 a
512 2063 653 2146 Παράδοξα
674 2085 688 2122 u
704 2064 760 2141 illi,
774 2083 832 2126 nos
846 2065 1043 2129 admirabilia
1059 2064 1212 2126 dicamus.

577 2266 625 2341 ’3.
638 2293 703 2353 aa,
718 2293 762 2344 no.
778 2293 808 2344 v.

110 2523 115 2532 -
160 2485 270 2564 Capti
290 2505 297 2547 :
314 2518 355 2532 -
374 2488 417 2549 De
428 2503 555 2548 summo
576 2493 682 2550 autern
703 2489 798 2565 bono,
817 2489 891 2569 quia
912 2492 975 2552 duo
991 2507 1107 2570 genera
1120 2490 1274 2553 libroruin

123 2594 206 2665 sunt,
223 2607 324 2651 unum
329 2591 522 2670 populariter
530 2597 690 2672 scriptam,
708 2595 794 2674 quod
814 2614 828 2652 a
840 2593 1038 2674 Ἐξωτερικόνυ
1058 2595 1273 2675 appellabant3

123 2697 263 2767 3113333333
273 2698 426 2775 limatius,
445 2701 530 2779 quod
547 2700 580 2760 in
597 2701 839 2763 commentariis
859 2701 1097 2781 reliquerunt...
1283 2711 1284 2714 ’

107 2869 110 2872 ,
163 2806 239 2882 Gap.
254 2807 274 2865 6
291 2824 298 2866 :
321 2837 360 2850 -
431 2806 472 2868 Ut
486 2807 592 2885 ipsum
612 2825 668 2889 per
683 2826 716 2870 se
732 2808 882 2870 invitaret
903 2813 934 2870 et
955 2809 1098 2871 alliceret
1111 2814 1275 2889 appetitum

124 2913 232 2984 animi,
255 2927 351 2988 quern
376 2909 482 2991 Ὁρμήν
498 2913 598 2975 Graeci
613 2921 737 2977 vocant.

166 3017 277 3097 Cap.8
303 3037 368 3078 ε-
393 3020 567 3084 Democriti
593 3028 699 3084 autern
727 3023 890 3096 securitas,
919 3040 990 3100 quac
1018 3028 1065 3084 est
1097 3024 1279 3084 3313311333-

126 3145 218 3208 quam
233 3130 451 3207 tranquillitas,
471 3147 566 3209 quarn
578 3131 738 3209 appellant
755 3128 929 3209 «Εὐθυμίαν,
942 3150 957 3186 u
980 3146 1018 3190 eo
1032 3129 1205 3206 separanda
1219 3128 1279 3189 fuit

127 3235 166 3297 ab
179 3236 240 3299 hac
254 3236 477 3316 disputatione,
492 3238 566 3317 quia
577 3241 743 3300 istauaimi
758 3235 980 3314 tranquillitas,
997 3252 1033 3297 ea
1048 3236 1115 3315 ipsa
1131 3240 1177 3296 est
1188 3235 1278 3296 beata

127 3343 201 3406 3113.

166 3450 240 3530 Gap.
259 3454 323 3514 23:
348 3453 481 3514 -Nam
497 3468 598 3531 quum
626 3452 671 3514 sic
697 3449 838 3513 hominis
858 3454 971 3512 natura
998 3456 1145 3529 generata
1175 3451 1226 3527 sit,
1247 3456 1280 3510 ut

127 3556 242 3620 habeat
255 3557 408 3637 quoddam
430 3561 570 3619 innatam
590 3563 678 3638 quasi
697 3558 781 3620 ciuile
802 3565 890 3638 atque
901 3560 1060 3639 populare,
1080 3559 1165 3637 quod
1179 3557 1279 3618 Graeci

132 3685 147 3722 a
162 3663 307 3725 Πολιτικόν
324 3686 338 3723 33
358 3671 508 3727 vocant...

167 3771 240 3851 Gap.
253 3774 292 3834 29
309 3789 368 3832 :-
381 3772 511 3834 Idcnim
537 3772 590 3834 1113
612 3790 774 3835 summurn
797 3772 918 3835 bonurn
937 3794 952 3830 a
972 3771 1106 3851 Εὐθυμίαν
1122 3793 1137 3830 3
1154 3778 1186 3834 et
1196 3790 1278 3851 saepe

132 3902 147 3938 a
160 3876 305 3958 lltapdlav
319 3900 336 3938 3
350 3880 500 3959 appellat,
518 3881 551 3943 id
568 3884 624 3957 est,
640 3885 777 3942 animam
796 3888 909 3942 terrore
924 3880 1057 3941 liberam.

168 3988 243 4066 Gap.
261 3989 324 4049 30:
347 3989 442 4049 -At
455 3988 516 4050 hoc
540 3986 573 4049 in
588 4005 626 4050 eo
651 3988 693 4050 M.
721 3989 845 4061 Crasso,
870 4004 968 4065 quern
987 3986 1086 4047 scinel
1108 3976 1157 4045 ‘ait
1171 3985 1203 4045 in
1218 3985 1280 4046 vila

127 4095 232 4158 risisse
245 4094 397 4174 Lucilius,
414 4114 478 4159 non
492 4096 638 4176 contigit,
652 4101 689 4157 ut
703 4113 739 4157 33
757 4113 790 4157 33
812 4095 916 4157 minus
935 4116 949 4153 u
966 4093 1135 4174 Ἀγέλαστος,
1153 4115 1166 4151 a
1188 4100 1223 4154 ut
1237 4093 1279 4154 ait

128 4203 226 4282 idern,
242 4207 418 4267 vocaretur.
