2790 4770
520 335 769 410 --191-,

548 555 678 623 Epicurus,
696 553 755 605 ibid.

130 655 213 766 ὁρας
232 682 289 741 τοῦ
305 671 448 767 μεγέθους
466 679 527 739 τῶν
545 662 663 748 ἡδονῶν
683 675 701 745 η’
721 670 837 748 παντὸς
853 649 908 736 aad
923 669 1088 761 ἀλγοῦντος
1107 663 1233 747 ὑπεξαί-

75 825 167 892 ρεσις.
183 834 238 845 -
257 803 298 869 Et
314 799 402 867 alibi.
423 801 490 866 Οὐκ
514 789 681 875 ἐπαύξεται
701 802 719 872 ri
747 787 843 872 ἡδονὴ
866 797 896 862 ἐν
921 806 959 890 τῇ
980 798 1082 888 capati,
1109 786 1232 862 ἐπειδὰν

76 918 163 1003 ἅπαξ
177 928 214 992 τὸ
229 929 295 992 κατ’
313 917 431 992 ἔνδειαν
451 926 563 1020 ἀλγοῦν
583 917 732 1018 ἐξαιρεθῇ,
756 919 838 989 ἀλλὰ
855 922 947 1015 μόνον
964 921 1170 991 ποικῦιλεται.

482 1134 546 1196 cic,
561 1132 666 1197 denia„
679 1132 700 1192 Ι,
717 1150 771 1200 cap.
789 1136 828 1183 ll.

115 1237 201 1293 Omni
215 1244 309 1293 autem
320 1235 471 1310 privatione
480 1235 583 1293 doloris
593 1235 736 1292 terminari
748 1235 1069 1307 summamvuluptateut
1080 1252 1086 1290 ε
1096 1244 1127 1292 ut
1140 1244 1235 1308 postea

77 1325 178 1382 variari
197 1325 341 1399 voluptas,
353 1326 540 1400 distinguique
554 1325 657 1398 possit;
672 1325 765 1398 augeri
785 1323 1003 1398 amplificarique
1017 1341 1074 1381 non
1092 1326 1188 1398 possit.
1200 1357 1237 1368 -

77 1413 170 1483 Idem,
185 1413 234 1470 lib.
258 1417 294 1471 11.
309 1444 345 1457 -
358 1415 452 1485 Quum
471 1414 564 1471 omnis
585 1413 667 1470 dolor
684 1414 824 1471 detractus
838 1420 928 1483 esset,
940 1413 1054 1479 variari,
1068 1430 1124 1470 non
1142 1414 1236 1487 augeri

77 1503 260 1575 voluptatem.
273 1533 307 1544 -
319 1504 416 1571 Idem,
433 1508 526 1570 ruse,
545 1504 597 1559 lll.
614 1505 724 1559 -Non
743 1518 868 1560 crescere
885 1503 1056 1575 voluptatem
1077 1501 1175 1560 dolore
1191 1503 1238 1560 de·

78 1599 189 1665 tracto,
200 1608 396 1666 summamque
408 1593 578 1665 voluptatem
592 1591 660 1648 nihil
676 1593 780 1649 dolere.

529 2024 609 2091 Epic,
625 2022 712 2074 Select.
728 2034 790 2074 sent.

137 2145 207 2207 Τῶν
227 2140 391 2232 ἐπιθυμιῶν
414 2140 445 2208 αἱ
466 2124 521 2233 ’μέν
541 2140 598 2207 εἰσι
620 2141 744 2234 φυσικαὶ
763 2140 815 2208 καὶ
837 2142 1025 2236 ἀναγκαῖαι·
1054 2143 1085 2207 αἱ
1103 2132 1152 2227 δὲ,
1184 2167 1241 2234 ρυ-

81 2266 167 2333 amati
182 2267 235 2334 καὶ
256 2268 312 2334 οὐκ
330 2268 516 2361 ἀναγκαῖαι·
533 2265 565 2334 αἱ
585 2258 632 2351 dt,
649 2269 721 2336 οὔτε
740 2269 863 2360 φυσικαὶ
880 2269 948 2335 οὔτε
964 2269 1143 2362 ἀναγκαῖαι,
1159 2264 1241 2335 ἀλλὰ

83 2390 171 2485 παρὰ
192 2396 278 2460 nerlu
300 2383 392 2471 δόξαν
411 2395 601 2489 γιγνόμεναι.
615 2428 667 2438 -
686 2395 823 2465 Ibidem.
848 2377 876 2459 (l
895 2404 950 2474 τῆς
976 2397 1091 2487 φύσεως
1108 2403 1243 2472 πλοῦτος

82 2516 138 2585 καὶ
152 2521 281 2610 ὥρισται
295 2516 347 2584 καὶ
366 2519 546 2612 εὐπόριστός
561 2523 662 2587 ἐστιν·
683 2523 699 2585 ὁ
731 2510 766 2585 δὲ
784 2527 844 2585 τῶν
863 2527 955 2586 κενῶν
973 2510 1069 2599 δοξῶν
1095 2519 1135 2600 εἰς
1152 2515 1243 2588 οἷπει·

86 2670 139 2737 ρον
153 2643 307 2714 ἐκπίπτει.
322 2679 375 2689 ·-
394 2647 493 2717 Alibi.
511 2647 557 2714 Τὸ
576 2644 630 2738 μὲν
657 2645 784 2736 puericia
808 2650 869 2713 πᾶν
889 2646 1066 2740 εὐπόριστόν
1094 2649 1173 2730 ἐστι,
1206 2646 1243 2713 τὸ
1309 2691 1313 2697 -

84 2760 121 2836 δὲ
137 2770 222 2836 κενὸν
238 2759 458 2864 δυσπόριστον.

486 2946 550 3006 cta,
564 2944 596 2994 de
609 2945 673 3003 Flu,
693 2944 710 3006 l,
726 2962 781 3011 cap.
802 2948 840 2996 l3.

123 3053 178 3128 Qui
193 3055 348 3128 (Epicurus)
369 3072 456 3112 unum
475 3072 563 3130 genus
584 3055 677 3129 posuit
696 3069 794 3111 aarum
809 3054 1010 3127 cupiditatum,
1027 3069 1091 3127 quae
1110 3062 1205 3112 essent
1219 3060 1246 3112 et

87 3142 230 3200 naturales
244 3152 272 3200 et
282 3145 460 3214 necessariae3
474 3145 609 3212 alterum,
624 3159 686 3216 qnae
701 3144 841 3200 naturales
855 3154 960 3211 essent,
974 3161 1026 3201 nec
1039 3153 1133 3201 tamen
1149 3161 1246 3204 neces·

86 3230 184 3301 saritet
198 3233 323 3302 tertium,
337 3249 399 3306 quae
409 3250 462 3291 nec
475 3233 634 3305 naturales,
653 3250 704 3290 nec
718 3234 892 3291 necessariae.
906 3238 1031 3307 Quarum
1053 3251 1086 3290 ea
1099 3236 1172 3291 ratio
1187 3243 1246 3305 est,

89 3324 121 3372 ut
138 3317 302 3375 necessariae
315 3334 365 3375 nec
376 3335 460 3392 opera
473 3321 563 3377 multa
575 3336 627 3377 nec
640 3321 763 3392 impensa
777 3321 950 3392 expleantur.
967 3325 1007 3378 Ne
1024 3321 1165 3378 naturales
1183 3321 1247 3395 qui-

87 3406 155 3465 dem
163 3408 253 3465 multa
261 3407 427 3480 desiderant,
438 3417 583 3482 propterea
595 3409 671 3482 quod
681 3410 740 3482 ipsa
751 3412 856 3466 Natura
869 3408 993 3475 divitias,
1005 3409 1108 3483 quibus
1118 3418 1248 3467 contenta

87 3496 135 3562 sit.
149 3504 179 3553 ct
189 3495 327 3569 parabiles
340 3505 369 3553 et
383 3499 546 3555 terminatas
557 3497 651 3555 habet.
672 3499 802 3556 Inanium
817 3505 911 3555 autern
923 3499 1107 3570 cupiditatum
1120 3515 1172 3556 nec
1186 3514 1249 3556 mo·

87 3584 143 3642 dus
153 3585 235 3658 ullus,
249 3598 302 3642 nee
315 3585 378 3642 linis
392 3586 510 3644 inveniri
525 3595 617 3661 potest
632 3589 678 3660 (t).

124 3820 162 3887 (1)
178 3818 240 3871 uda
252 3819 325 3872 etiarn
338 3816 409 3873 'l’usn
420 3831 516 3889 quoett„
531 3818 577 3872 lib.
592 3816 622 3879 V.
638 3838 693 3888 cap.
710 3825 741 3873 33
756 3839 761 3871 ε
780 3844 792 3867 ιι
808 3816 888 3881 Videt,
903 3823 986 3884 credo,
1002 3833 1030 3874 ut
1041 3823 1161 3891 Epicurus
1181 3826 1251 3893 cupi·

87 3903 294 3972 dtutrmgenen
307 3906 424 3966 diviserit,
439 3923 490 3957 non
502 3907 574 3957 nimis
595 3906 696 3957 lort‘aue
719 3904 849 3968 subtiliter,
865 3907 958 3958 utiliter
971 3917 1053 3958 tamen
1069 3924 1075 3960 :
1092 3910 1181 3975 partim
1201 3922 1251 3961 etse
1334 3954 1339 3962 .

89 3990 215 4041 intanta
227 4000 253 4041 et
264 3991 422 4053 necessarias}
445 3991 534 4059 partim
548 3990 679 4052 naturales,
700 4000 724 4041 et
746 4008 796 4041 non
818 3993 980 4056 neeessarias;
1006 3987 1097 4061 partlm
1120 4005 1250 4046 neutrumt

89 4076 236 4126 maiae
250 4076 334 4127 satiari
347 4093 416 4143 posse
426 4092 494 4144 paeue
506 4076 599 4139 nihil0;
612 4075 708 4127 divitias
721 4076 787 4127 enim
801 4077 899 4129 Naturae
910 4078 1031 4144 parabiles
1044 4095 1101 4129 esse.
1114 4079 1253 4131 Secundum

89 4170 173 4211 autun
186 4177 261 4227 gemae
274 4161 445 4229 cupiditatum,
460 4178 505 4212 nec
518 4162 550 4212 ad
566 4161 709 4228 potiendum
723 4161 824 4221 difficile
837 4176 888 4214 esse
912 4172 1002 4221 censet,
1019 4179 1065 4213 nec
1083 4178 1140 4214 sero
1158 4166 1189 4214 ad
1212 4183 1254 4216 cab

89 4244 208 4306 randum
224 4244 317 4308 tertias,
329 4247 396 4312 quod
408 4256 487 4297 cuent
509 4247 582 4313 plane
604 4244 697 4308 inanes,
721 4254 801 4312 neque
822 4248 988 4299 necessitatem
1001 4248 1083 4308 modo,
1104 4248 1146 4298 sed
1163 4265 1196 4299 ne
1209 4266 1254 4302 na·

89 4340 174 4383 tutu
184 4330 284 4398 quidem
296 4331 454 4397 attingerent,
469 4330 580 4383 funditus
592 4330 724 4397 ejiciendas
735 4331 840 4397 putavit.
855 4354 868 4379 ν
