2790 4770
601 303 776 369 ...64-

151 442 274 520 Gicero‚
304 460 404 523 quum
428 443 564 522 protulit
586 442 747 523 Euripidis
770 460 886 520 versus,
912 459 993 524 quos
1008 444 1040 506 J.
1064 443 1172 506 Caesar
1186 460 1265 506 sem·

111 568 169 629 per
183 549 216 611 in
243 567 299 612 ore
310 549 459 623 hahebat,
481 555 518 613 ut
548 550 750 614 excusatione
765 550 902 630 quadam
920 567 954 613 se
968 567 1103 630 regnum
1117 551 1267 619 affectan-

111 660 179 720 tem
194 657 389 734 defenderet,
407 657 530 736 Cicero,
544 658 688 737 inquam,
704 659 881 721 verecunde
894 656 1096 720 achcnafide
1109 657 1264 740 (mirumt)
1315 707 1317 712 .

112 763 182 827 haec
209 764 357 846 scripsit:
388 786 403 823 r
425 784 504 847 quos
535 764 653 842 dicam,
675 769 711 827 ut
724 769 847 844 potere,
872 765 1035 828 incondite
1052 765 1201 843 fortasse,
1217 763 1266 828 sed

112 878 220 935 tamen
234 878 334 935 utres
350 871 486 954 intelligi
498 874 611 954 possit.
638 893 654 933 a
672 876 734 962 ltes
758 890 832 935 sane
844 871 1033 953 intelligitur
1045 874 1095 936 vel
1108 873 1150 935 ab
1165 872 1206 937 iis
1218 857 1267 954 qui

113 982 256 1043 Graecam
269 1000 334 1043 non
360 982 504 1062 legerunt
519 983 698 1045 orationem
716 1001 723 1044 :
739 986 846 1044 tamen
867 999 931 1044 non
953 979 1184 1044 italaudabiles
1196 978 1268 1044 iam·
1290 1017 1293 1022 ·

111 1086 164 1150 hei
186 1087 346 1162 Ciceronis
363 1089 443 1150 mihi
461 1090 620 1167 videntur,
651 1095 687 1152 ut
704 1089 785 1150 nihil
802 1088 938 1168 amplius
959 1087 1134 1169 requiram.
1158 1087 1269 1152 Omisit

114 1194 200 1258 enirn
226 1196 359 1258 verbum
394 1197 471 1259 illud
504 1219 519 1257 (ι
544 1195 686 1257 κάλλιστον
708 1217 722 1255 o
750 1198 835 1277 quod
856 1195 976 1277 aliquid
999 1195 1079 1259 lucis
1094 1197 1190 1260 affert
1205 1213 1270 1259 scn-

113 1301 235 1382 tentiae,
260 1302 357 1384 idque
377 1303 475 1367 efficit
502 1304 565 1387 (aut
586 1321 644 1384 ego
667 1303 769 1382 fallor)
795 1308 831 1366 ut
854 1303 983 1366 Caesaris
1008 1302 1145 1366 ambitio
1176 1303 1269 1365 ullam

79 1406 84 1419 '
113 1409 239 1472 honesti
254 1409 393 1490 speciem
420 1428 457 1475 ac
478 1411 667 1492 dignitatem
680 1410 806 1474 habeat.
829 1410 923 1489 Apud
949 1409 1138 1490 Euripidem
1157 1408 1269 1473 clarius

112 1517 185 1580 luce
211 1521 320 1596 patent
345 1519 545 1583 detestabilia
565 1519 715 1595 istorum,
739 1517 793 1598 qui
819 1517 909 1597 regni
931 1517 1108 1596 cupiditate
1127 1518 1269 1599 flagrant,

101 1614 266 1688 'instituta
280 1627 400 1689 Tullius
415 1633 522 1690 autem
536 1627 621 1690 haud
635 1625 737 1690 sciens
757 1615 972 1706 prudensque
984 1630 1019 1704 ut
1033 1630 1125 1706 puto,
1139 1641 1212 1688 rem
1230 1623 1270 1686 sic

115 1734 274 1811 emendat,
294 1740 330 1799 ut
341 1735 437 1816 paulo
446 1737 552 1797 minor
562 1735 595 1796 in
612 1735 804 1815 impotentes
815 1739 965 1815 tyrannos
982 1751 1000 1794 a
1017 1733 1272 1815 bonisvirisreji·

115 1839 218 1903 cietur
234 1839 364 1905 invidia.
387 1877 428 1888 -
450 1843 520 1906 Non
542 1842 631 1905 omni
643 1843 740 1906 etiam
752 1843 847 1920 culpa
861 1845 959 1919 caret,
973 1840 999 1903 si
1011 1842 1095 1904 forte
1107 1842 1148 1904 ad
1164 1831 1272 1906 contir-

116 1950 232 2010 manda
260 1950 407 2029 quadam
427 1950 639 2032 philosophiae
662 1955 834 2032 praecepta,
850 1951 939 2014 locos
953 1969 971 2014 e
986 1934 1081 2032 poeta
1093 1953 1208 2016 Graeco
1228 1969 1273 2015 er·

117 2061 243 2134 cerptos
257 2057 291 2117 in
304 2059 410 2121 lucem
430 2043 524 2121 cdere
535 2057 621 2120 velit.
641 2061 684 2121 Ut
699 2058 825 2138 reliqua
835 2057 1088 2136 praetermittam,
1103 2058 1177 2121 hacc
1193 2062 1272 2140 post·

117 2180 213 2241 quam
236 2166 382 2244 exposuit
408 2165 585 2228 «continet
610 2183 740 2228 ornnem
765 2164 963 2228 sedationem
981 2163 1079 2228 animi
1092 2164 1235 2229 humana
1244 2164 1272 2228 in

119 2276 293 2349 conspectu
304 2270 408 2350 posita
430 2277 553 2350 natura,
570 2292 586 2332 a
603 2290 675 2352 quae
697 2291 761 2352 quo
773 2273 897 2335 facilius
913 2279 1219 2352 expressacernatur
1230 2292 1273 2336 sa·

120 2376 250 2455 pientiae
264 2378 356 2455 ratio,
386 2382 598 2460 appareatque
612 2397 721 2458 parem
748 2379 896 2442 omnihus
916 2397 984 2443 esse
998 2378 1221 2444 conditionem
1234 2381 1275 2443 le-

119 2500 256 2563 gemque
286 2484 371 2562 vitae,
401 2484 511 2548 Cicero
546 2491 610 2549 tres
637 2487 759 2568 primos
783 2505 889 2549 versus
916 2486 1034 2549 Orestis
1057 2486 1188 2565 fabulae,
1212 2486 1273 2569 jam

118 2608 214 2669 supra
232 2591 346 2668 dictos,
365 2596 402 2654 ut
421 2593 583 2672 quondam
601 2594 758 2672 Socrates,
780 2599 921 2670 revocat3
940 2611 1043 2674 neque
1071 2593 1157 2656 illins
1177 2592 1289 2656 oratio.

121 2698 219 2760 latina
243 2699 331 2778 puris
358 2703 389 2761 et
412 2698 520 2763 electis
541 2699 672 2764 vocibus
696 2702 875 2781 composita
895 2708 953 2766 est.
973 2703 1063 2765 Unde
1076 2699 1175 2781 igitur
1194 2703 1275 2765 litut

119 2823 193 2869 cunr
208 2804 263 2869 illo
276 2816 341 2869 non
356 2812 422 2869 tam
434 2807 570 2871 feliciter
586 2807 746 2889 Euripidis
768 2827 865 2890 quam
885 2808 1049 2888 Sophoclis
1064 2806 1197 2870 cesserit
1210 2806 1276 2868 imi·

119 2910 219 2975 tatio?
240 2913 307 2976 Tali
329 2914 462 2994 quidem
486 2915 630 2994 inopere
653 2916 791 2978 nitorem
815 2921 869 2979 aut
883 2914 1278 2996 magnificentiamverbo·

119 3037 192 3082 rum
219 3039 313 3084 nemo
338 3022 508 3085 desiderat.
534 3023 676 3102 Namque
701 3022 747 3103 (ut
772 3022 943 3086 commoda
956 3020 1076 3083 Tullius
1095 3021 1164 3100 ipse
1188 3020 1277 3100 dixit)

125 3150 140 3189 ιι
155 3146 204 3192 res
218 3129 454 3210 philosophicas
477 3126 587 3192 ornate
602 3131 709 3192 dicere
724 3132 815 3207 velle,
841 3129 962 3210 puerile
977 3134 1024 3191 est
1039 3147 1046 3190 :
1062 3130 1158 3208 plane
1173 3134 1280 3192 autem

122 3240 153 3297 et
166 3237 335 3316 perspicue
349 3236 498 3316 expedire
510 3236 597 3298 docti
613 3240 644 3298 et
662 3235 866 3318 intelligentis
881 3235 938 3300 viri
963 3233 1018 3318 (l).
1037 3255 1052 3293 n
1069 3234 1152 3308 Quin
1166 3226 1281 3298 doctus

123 3349 155 3407 et
168 3343 348 3424 intelligens
362 3350 478 3424 praeter
493 3348 625 3410 caeteros
647 3344 757 3409 Cicero
774 3343 881 3422 fuerit,
903 3343 975 3424 quis
990 3343 1137 3407 dnhitare
1155 3343 1282 3422 potest?

121 3453 237 3516 -Sed
252 3470 382 3535 neccsse
397 3459 465 3517 erat

230 3587 342 3648 indiciis
357 3597 513 3647 monstrare
525 3587 682 3648 recentibus
693 3586 786 3647 abdita
797 3601 903 3655 rerum,

123 3740 262 3823 ideoque

229 3876 347 3951 Fingere
361 3873 493 3936 cinctutis
504 3890 562 3933 non
573 3874 701 3934 exaudita
714 3874 845 3947 Cethegis

127 4160 243 4212 Cicerone
257 4158 310 4226 ipso
334 4158 361 4208 in
373 4128 489 4210 Latinum
510 4159 619 4211 conversi
641 4170 705 4222 sunt,
730 4178 780 4212 non
792 4177 821 4213 ex
836 4159 909 4212 Ennii
931 4159 1013 4227 aliqua
1027 4158 1143 4226 tragoedia
1164 4161 1291 4232 desumpti

126 4244 260 4312 (Onomast.
276 4243 363 4306 Orelli,
375 4242 428 4306 vll,
446 4245 469 4305 1,
483 4259 536 4312 pag.
551 4245 620 4312 234).

161 4332 198 4397 (1)
216 4335 253 4380 De
266 4329 321 4396 oss.
337 4331 388 4393 t,6
406 4326 475 4397 (edit.
489 4329 564 4395 hid).
