2790 4770
591 261 794 326 -164-

110 409 196 498 εἶναι,
218 416 332 504 εὐρήσει
353 410 424 489 τούς
444 417 483 489 ὡς
512 412 632 491 άληθῶς
649 405 812 498 δικαστάς,
838 413 922 504 οἵπερ
947 412 999 479 καὶ
1032 412 1178 505 λέγονται
1211 416 1275 480 ἐκεῖ

112 531 256 623 δικάζειν,
273 538 378 615 Μίνως
406 563 441 606 τε
468 537 520 604 καὶ
536 524 744 631 Ῥαδάμανθυς
761 538 813 606 καὶ
830 538 942 618 Αἰακὸς
960 536 1013 604 καὶ
1040 540 1270 631 Ύριπτολεμος,

112 661 163 730 καὶ
179 657 267 729 άλλοι
281 662 346 728 ὅσοι
364 671 425 728 τῶν
439 664 569 753 ήμιθέων
591 655 706 731 δίκαιοι
725 668 863 759 ἐγένοντο
880 666 909 731 ε’ν
921 671 965 750 τῷ
985 669 1102 732 ἑαυτῶν
1123 664 1192 751 βίῳ,
1211 659 1271 756 ἆρα

111 792 212 880 φαύλη
234 782 270 853 θιν
295 785 339 859 εἴη
368 779 588 880 η’άποδημία,
608 787 626 863 ἢ
649 783 687 854 αὖ
708 774 805 882 Ορφεῖ
828 789 1022 883 συγγενέσθαι
1047 788 1099 856 καὶ
1119 786 1270 880 Μουσαίῳ

110 913 163 980 καὶ
177 897 304 999 Ἡσιόδῳ
327 912 378 979 καὶ
397 899 526 1007 Ομήρῳ,
547 914 596 981 ἐπὶ
621 915 708 1000 πόσῳ
731 909 768 983 οἷν
792 942 839 994 τις
863 906 978 993 δέξαιτ’
1000 911 1036 982 θιν
1061 918 1167 1006 ὐμῶν,
1200 901 1270 1006 [ἐγὼ

112 1038 165 1130 μὲν
180 1034 238 1132 γάρ
253 1037 402 1114 πολλάκις
416 1039 508 1105 ἐθέλω
524 1039 674 1121 τεθνάναι,
690 1039 715 1105 εί
732 1040 835 1107 ταύτά
850 1042 932 1107 ἐστιν
946 1039 1059 1113 ἀληθῆ·
1084 1039 1149 1106 ἐπεὶ
1168 1040 1269 1132 ἔμοιγε

110 1161 163 1229 καὶ
193 1165 277 1245 αὐτῷ
306 1161 466 1254 θαυμαστὴ
493 1158 528 1228 ὐεν
550 1162 594 1236 είη
618 1169 636 1237 η
668 1155 814 1257 διατριύὐ
842 1162 963 1247 αὐτόθι,
992 1162 1083 1230 ὁπότ’
1109 1163 1269 1254 ἐντύχοιμι

112 1280 292 1381 Παλαμήδῃ
313 1287 364 1355 καὶ
385 1287 494 1356 Αἴαντι
518 1301 563 1376 τῷ
583 1293 781 1382 Τελαμῶνος,
803 1290 855 1357 καὶ
884 1289 910 1356 εί
932 1317 977 1369 τις
1006 1287 1098 1368 ἀλλος
1125 1299 1187 1355 τῶν
1207 1315 1270 1355 πα·

107 1418 203 1480 λαιῶν
220 1404 273 1478 διὰ
291 1410 386 1504 κρίσιν
413 1405 521 1481 άδικον
541 1416 702 1500 τέθνηκεν,
732 1403 1060 1510 [Ᾰντιπαραύοθιλοντι
1079 1412 1119 1482 τύι
1136 1419 1270 1506 ἐμαυτοῦ

112 1537 194 1610 πάθη
214 1537 286 1629 πρὸς
306 1534 348 1602 τά
362 1537 493 1623 ἐκείνων,
509 1543 549 1616 ὡς
564 1535 693 1633 ἐγῷμαι,
710 1543 764 1607 οὐκ
785 1534 820 1606 θεν
835 1532 929 1617 άηδές
945 1539 999 1613 εἴη.
1024 1540 1086 1606 Καὶ
1107 1532 1146 1614 δὴ
1164 1537 1217 1606 καὶ
1236 1542 1269 1606 τὸ

113 1664 270 1757 μέγιστον,
291 1661 360 1740 τούς
378 1663 439 1728 ἐκεῖ
457 1657 639 1742 ἐξετάζοντα
656 1664 709 1731 καὶ
728 1668 897 1758 ἐρευνῶντα
919 1669 1021 1758 ὥσπερ
1048 1665 1119 1744 τούς
1140 1665 1271 1732 ἐνταῦθα

113 1779 240 1881 διάγειν,
259 1786 305 1862 τίς
321 1787 420 1852 αὐτῶν
437 1788 529 1878 σοφός
549 1791 628 1872 ἐστι,
644 1789 696 1856 καὶ
716 1789 764 1868 τίς
783 1787 876 1856 οἴεται
899 1790 965 1881 μὲν,
986 1789 1052 1856 ἐστι
1072 1781 1102 1855 δ’
1127 1785 1188 1874 οὐ]
1208 1775 1271 1856 Επὶ

112 1911 199 1994 πόσῳ
215 1902 244 1977 δ’
255 1908 290 1977 άν
304 1937 363 1993 τις,
384 1910 407 1978 ὦ
424 1904 533 2006 άνδρες
548 1903 709 1998 δικασταὶ,
726 1905 849 1992 δέξαιτο
864 1909 1006 1992 ἐξετάσαι
1020 1915 1074 1981 τὸν
1093 1915 1143 1981 ἐπὶ
1157 1914 1271 2007 Τροίαν

112 2039 268 2132 α’,γαγιίντα
288 2041 343 2110 τήν
365 2041 481 2112 πολλήν
513 2035 673 2131 στρατιάν,
693 2036 711 2113 ἢ
733 2024 892 2128 Οδυσσέα,
911 2039 928 2114 ’ή
948 2038 1089 2133 Σίσυφον,
1119 2036 1138 2112 ἢ
1160 2034 1273 2117 άλλους

113 2161 236 2255 μυρίους
252 2159 287 2229 άν
305 2188 351 2240 τις
370 2160 450 2229 εἴποι
468 2162 520 2229 καὶ
543 2154 659 2254 άνδρας
680 2165 732 2231 καὶ
755 2169 913 2256 γυναῖκας,
934 2160 977 2241 οἷς
999 2155 1193 2257 διαλέγεσθαι
1214 2164 1279 2228 ἐκεῖ

113 2289 165 2353 καὶ
180 2280 309 2364 ξυνεῖναι
324 2286 376 2354 καὶ
392 2280 536 2366 ἐξετάζειν
556 2287 716 2381 ἀμήχανον
735 2283 770 2355 θιν
786 2286 830 2363 εἴη
851 2281 1045 2381 εὐδαιμονίας
1064 2287 1209 2370 πάντως,
1227 2289 1274 2353 Οὐ

114 2402 215 2485 δήπου
237 2400 350 2479 τούτου
365 2406 399 2505 γε
416 2415 503 2505 ἕνεκα
523 2413 551 2480 οί
569 2415 632 2480 ἐκεῖ
642 2413 857 2481 άποκτενοῢσι.
879 2411 931 2481 Τά
943 2440 978 2481 τε
992 2412 1051 2509 γὰρ
1067 2409 1148 2481 άλλα
1168 2404 1275 2479 εὐδαι-

116 2535 293 2628 μονέστεροί
315 2534 386 2603 εἰσιν
416 2537 444 2604 οἱ
466 2539 529 2603 ἐκεῖ
550 2547 610 2605 τῶν
638 2531 756 2625 ἐνθάδε,
785 2539 836 2606 καὶ
856 2531 919 2613 ἤδη
949 2540 1003 2606 τὸν
1030 2539 1140 2607 λοιπὸν
1164 2537 1275 2632 χρόνον

115 2652 265 2728 άθάνατοί
280 2660 365 2751 εἰσιν,
381 2660 460 2756 ε’ίπερ
480 2688 514 2755 γε
530 2661 570 2730 τέε
582 2665 735 2757 λεγόμενα
750 2664 846 2738 ἀληθῆ
863 2669 957 2732 ἐστιν.

622 2847 716 2912 Κεράλ.
734 2851 774 2897 33.

170 2977 261 3056 Ᾰλλθε
285 2988 337 3055 καὶ
361 2993 439 3081 ὑμᾶς
457 2990 529 3079 χρὴ,
553 2983 577 3052 ὦ
602 2979 709 3080 ἄνδρες
735 2981 893 3074 δικασταὶ,
913 2979 1072 3067 εὐέλπιδας
1104 2985 1177 3055 εἶναι
1202 2994 1278 3083 πρὸς

120 3115 171 3180 τὸν
191 3113 336 3198 θάνατον,
353 3112 404 3179 καὶ
423 3115 452 3178 ἐν
469 3139 499 3179 τι
512 3121 606 3179 τούτο
621 3103 804 3180 διανοεῖσθαι
820 3114 942 3199 άληθές,
960 3116 1007 3182 ὅτι
1021 3117 1075 3180 οὐκ
1091 3114 1173 3181 ἐστιν
1188 3108 1279 3207 ἀνδρὶ

76 3318 80 3323 Ι
122 3238 227 3330 άγαθῷ
247 3238 342 3303 κακύν
364 3231 465 3321 οὐδὲν,
481 3233 550 3302 οὐτε
567 3229 659 3314 ζῶντι
682 3240 753 3306 οὐτε
773 3240 1009 3321 τελευτήσαντι,
1025 3230 1098 3306 οὐδὲ
1118 3240 1278 3330 άμελεῖται

117 3366 176 3431 ὐπὸ
196 3364 270 3429 θεῶν
286 3359 325 3429 τὰ
340 3364 452 3429 τούτου
467 3362 653 3455 πράγματα·
670 3355 739 3431 οὐδὲ
755 3360 795 3430 τθι
807 3362 865 3455 ἐμά
883 3374 933 3430 νῦν
951 3365 1012 3430 άπὸ
1026 3373 1082 3430 τού
1097 3362 1279 3457 αὐτομάτου

119 3495 252 3584 γέγονεν,
269 3486 350 3554 ἀλλά
373 3512 425 3576 μοι
451 3478 545 3561 δηλόν
566 3489 630 3554 ἐστι
654 3499 760 3573 τοῦτο,
781 3491 828 3555 ὅτι
846 3481 909 3563 ήδη
937 3488 1075 3556 τεθνάναι
1099 3487 1152 3554 καὶ
1178 3489 1280 3562 άπηλ·

119 3611 233 3705 λάχθαι
252 3611 441 3706 πραγμάτων
462 3613 582 3697 βέλτιον
602 3610 637 3687 ἦν
659 3639 721 3706 μοι.
750 3609 810 3679 Διύι
829 3623 923 3680 τοῦτο
944 3612 1023 3704 κάμέ
1041 3604 1182 3706 οὐδαμοῦ
1202 3613 1281 3681 ἀπέ-

122 3736 213 3832 τρεψε
231 3739 268 3805 τὸ
283 3744 416 3828 σημεῖον.
445 3737 509 3802 Καὶ
528 3739 622 3831 ἔγωγε
650 3744 712 3816 τοῖς
729 3733 1037 3830 καταψηφισαμένοις
1063 3763 1123 3829 μου
1148 3736 1199 3804 καὶ
1219 3744 1282 3815 τοῖς

121 3863 303 3957 κατηγόροις
323 3864 356 3927 οὐ
377 3860 456 3926 πάνυ
477 3860 665 3951 χαλεπαίνει.
684 3860 798 3929 Καίτοι
817 3864 851 3927 οὐ
872 3863 973 3953 ταύτῃ
993 3871 1031 3955 τῇ
1053 3853 1175 3951 διανοίᾳ
1188 3887 1281 3928 κατε·

121 3982 289 4080 ψηφίζοντό
310 4010 368 4076 μου
385 3985 438 4051 καὶ
463 3987 665 4078 κατηγόρουν,
691 3987 761 4053 ἀλλ’
788 3984 920 4079 οἰόμενοι
948 3985 1096 4068 βλάπτειν
1124 4009 1174 4052 τι·
1195 3985 1281 4052 τοῦτ’

49 4149 52 4154 ·
121 4120 224 4194 αὐτοῖς
244 4108 326 4192 άξιον
355 4112 536 4206 μέμφεσθαι.
559 4106 708 4197 [Τοσίνδε
725 4116 827 4207 μέντοι
853 4119 953 4181 αὐτῶν
977 4105 1099 4208 δέομαι,
1120 4114 1191 4194 τούς
1211 4113 1283 4185 υἱεῖς

122 4269 193 4334 μου,
210 4231 333 4307 ἐπειδάν
352 4233 503 4324 ήύήσωσι,
521 4239 746 4332 τιμωρήσασθε,
769 4236 793 4304 ὦ
819 4231 939 4333 ι’ίνδρες,
964 4237 1069 4306 ταύτὰ
1093 4249 1197 4306 ταῦτα
1224 4244 1283 4305 λυ·
