2790 4770
649 305 847 367 -300-

216 439 262 497 lra
278 457 409 502 nascens
423 447 454 504 et
469 444 565 522 modo
580 442 726 507 existens,
749 479 785 491 -
801 446 841 507 31.
858 443 945 527 Ὀργ1ι
963 445 1111 527 ἀρχομένη.

215 543 329 623 031313
345 547 558 626 impendentis
575 551 660 612 mali.
678 586 716 597 -
731 553 771 614 31.
795 553 946 633 Προσδοκία
960 558 1055 614 κακοῦ.

217 755 288 816 11133
316 758 447 837 quidem
475 761 643 822 verborum
667 761 832 841 juncturas
858 763 961 824 semel
976 768 1029 823 aut
1057 779 1129 823 raro
1151 762 1278 823 Tullius
1305 761 1336 822 in

177 877 273 940 opera
296 884 350 927 sua
373 870 542 944 transtulit,
560 887 624 930 333
648 871 745 930 modo
770 872 855 949 quod
873 871 912 932 ab
936 889 994 932 usu
1019 869 1183 932 communi
1204 872 1335 948 (313313

178 967 261 1051 dixi)
285 974 503 1050 abhorrerent,
527 976 700 1038 sedetiam
726 976 814 1055 quod
837 978 877 1039 de
896 976 964 1038 istis
986 977 1227 1056 quaestionibus,
1261 978 1336 1038 data

178 1077 306 1156 quidem
321 1082 497 1156 occasione,
517 1083 623 1156 credo,
647 1082 729 1144 inter
748 1081 867 1144 amicos
885 1083 1046 1161 disputare
1067 1080 1216 1142 noluerit.
1235 1081 1336 1141 Multa

180 1183 265 1244 enirn
282 1187 424 1249 Ciceroni
441 1190 499 1251 fuit
515 1190 546 1250 in
568 1190 687 1251 Timaeo
703 1191 881 1252 obscuritas
905 1209 911 1251 :
930 1192 1010 1251 ardeo
1027 1207 1075 1251 res
1094 1190 1229 1250 occultae
1246 1192 1279 1249 et
1295 1187 1334 1248 ab

178 1288 245 1368 ipsa
260 1294 376 1355 Natura
392 1296 540 1358 13331313
563 1302 650 1359 33311
675 1295 756 1368 Quin
773 1295 880 1372 etiam,
900 1312 998 1376 quum
1015 1295 1147 1373 1331333
1167 1292 1335 1386 33311113-

177 1405 285 1463 tonem
312 1413 494 1468 occurreret
517 1408 673 1486 junctura,
702 1414 740 1469 ut
761 1408 866 1469 eidem
887 1392 1029 1494 subjecta
1045 1403 1091 1466 vis
1105 1421 1170 1465 non
1192 1403 1342 1467 dilucide.

176 1515 283 1587 posset
306 1513 452 1592 intelligi,
475 1514 605 1576 verbum
626 1515 722 1576 verbo
745 1515 826 1593 lidus
850 1515 1006 1592 interpres
1027 1511 1178 1574 reddidit.
1195 1513 1278 1571 Nam
1294 1504 1337 1587 31,’

176 1634 292 1680 renon
310 1620 480 1695 1313113313,
509 1640 602 1684 33333
628 1623 804 1685 Platonicos
831 1622 967 1684 circuitu
990 1622 1136 1682 vertisset
1153 1625 1186 1681 et
1201 1620 1335 1681 transla-

176 1722 329 1802 tionibus,
346 1728 461 1789 erroris
484 1730 601 1791 indicia
624 1731 671 1791 sui
692 1729 891 1811 patefecisset
914 1728 967 1790 ille
991 1728 1037 1788 vir
1061 1726 1252 1807 «opinionis
1269 1746 1333 1789 suaa

177 1834 282 1890 custos
308 1831 580 1910 diligentissimus.
594 1855 608 1890 »
633 1835 897 1914 Quandoquidem
924 1850 1031 1912 graecae
1052 1832 1232 1892 locutiones
1246 1831 1332 1892 Cice-

176 1935 272 2011 ronis,
293 1937 376 1998 haud
392 1940 500 2001 multae
519 1941 653 2022 (131333),
675 1939 757 2003 13133
778 1939 864 2008 'Aret
881 1939 1008 2019 εἰρημένα
1021 1939 1184 2023 numerari
1200 1937 1330 2013 debent,

176 2059 216 2104 33
236 2044 360 2106 mireris
375 2063 433 2106 333
456 2048 539 2124 apud
561 2047 724 2124 Senecam,
750 2064 862 2126 parum
886 2045 1045 2107 eruditum
1065 2043 1099 2102 in
1114 2039 1331 2125 Philosophia,

178 2152 240 2215 illae
255 2155 373 2216 frustra
386 2156 595 2235 requirantur.
618 2158 659 2216 At
672 2155 803 2216 13313333
825 2172 875 2216 333
892 2151 1029 2235 (aiebam
1042 2149 1170 2228 tacitus)
1185 2149 1333 2210 adhibuit

176 2260 207 2322 S.
229 2261 433 2340 Augustinus,
458 2281 484 2319 «·
501 2279 642 2338 aureum,
664 2267 699 2323 ut
726 2263 923 2337 Aristoteles,
948 2259 1100 2322 orationis
1123 2260 1332 2339 1131333133-

177 2369 263 2429 dens.
281 2391 296 2426 3
312 2370 460 2432 Studiose
475 2369 571 2449 igitur
585 2367 714 2450 tractavi
738 2368 878 2430 indicem
891 2386 1024 2454 operum
1039 2367 1124 2429 illius
1137 2364 1209 2442 viri,
1230 2366 1334 2426 adrni-

119 2544 122 2550 ,
175 2475 265 2545 rabili
289 2480 424 2556 quadam
446 2477 577 2540 33133113
594 2477 728 2554 3133313
749 2477 937 2554 prestantis.
951 2478 997 2537 Ex
1012 2475 1231 2554 superioribus
1245 2474 1334 2554 junc-

174 2585 253 2644 turis
283 2589 364 2664 apud
396 2588 426 2647 S.
456 2587 666 2665 Augustinum
686 2586 790 2646 inveni
814 2587 961 2646 nullam:
989 2585 1181 2664 paucissima
1208 2591 1333 2647 tantum

175 2697 338 2770 vocabula,
356 2716 427 2776 quae
441 2714 520 2756 3333
532 2701 604 2756 3331
618 2695 700 2773 apud
714 2695 864 2770 Tullium,
880 2696 918 2756 ab
934 2694 988 2755 illo
1006 2713 1086 2773 saepe
1099 2700 1253 2772 usurpata
1267 2711 1333 2755 esse

175 2807 386 2885 comperit).

214 2914 303 2985 Quod
319 2931 398 2973 nova
412 2912 568 2973 Ciceronis
584 2910 734 2970 vocabula
748 2911 934 2988 Graccusque
957 2911 1134 2972 locutiones
1152 2931 1217 2973 non
1234 2914 1268 2975 in
1283 2915 1333 2992 jus

174 3018 390 3097 ditionemque
407 3018 582 3095 receperint
599 3017 718 3077 Seneca
732 3021 763 3076 31
777 3015 985 3092 Η1333333313
995 3016 1169 3094 Episcopus
1182 3017 1249 3093 ille,
1263 3019 1335 3080 sub-

173 3124 236 3185 tilis
260 3125 386 3202 ingenio
413 3131 443 3185 ot
471 3141 576 3184 rerum
606 3121 697 3198 eopia
716 3121 892 3195 abundans,
923 3139 984 3181 333
1001 3121 1211 3183 ideireoreor
1239 3123 1335 3185 inter·

174 3232 269 3309 pretis
298 3249 364 3292 esse
392 3231 635 3308 vituperandum
657 3247 746 3306 3333.
765 3230 898 3289 Tantum
913 3228 996 3288 enirn
1018 3227 1106 3289 abest
1123 3227 1262 3291 31111133
1280 3250 1335 3293 33-

174 3340 263 3399 dacia
278 3339 354 3398 mihi
371 3336 614 3415 reprehensione
631 3335 726 3413 digno
741 3335 895 3408 videatur,
912 3339 1070 3398 utcontra
1086 3335 1224 3410 doleam,
1245 3339 1333 3415 quod

174 3464 237 3505 333
265 3446 409 3506 habuerit
437 3445 622 3504 imitatores.
655 3445 733 3502 Nam
757 3441 921 3512 vocabula,
956 3442 1073 3502 Graecis
1098 3446 1171 3501 3313
1203 3444 1332 3512 collata.

175 3572 273 3632 quum
287 3553 427 3631 primum
449 3552 581 3611 13133331
598 3550 876 3627 313331313113313,
894 3549 973 3609 13311
989 3548 1125 3626 exempli
1140 3551 1334 3611 auctoritate

89 3730 92 3735 ,
175 3661 328 3739 paulatim
344 3659 512 3720 valuissent
533 3678 539 3718 :
559 3663 654 3736 atquc
671 3675 777 3716 rursus
799 3656 847 3730 iis,
865 3655 919 3732 qui
934 3655 1098 3716 Platonem
1114 3657 1257 3717 aemulati
1271 3665 1335 3719 313-

207 3898 243 3961 (1)
260 3897 307 3944 Pro
326 3895 441 3959 exemplis
461 3894 508 3942 3131
521 3914 532 3936 ι(
545 3891 684 3939 3333331133
696 3914 716 3949 n,
735 3889 875 3936 «3133311133
887 3910 908 3936 n.
923 3888 976 3936 Non
989 3897 1161 3953 generatores,
1179 3890 1220 3938 sed
1233 3907 1336 3956 genero·

174 3982 247 4029 tiores
261 3981 371 4045 (3331333
386 3995 434 4026 non
450 3976 655 4039 Ciceronianum),
672 3990 722 4022 non
734 3983 882 4042 corporatus,
899 3974 939 4021 sed
954 3973 1107 4041 incorporeus
1121 3973 1182 4038 (rid.
1197 3974 1283 4041 dell),
1299 3978 1335 4025 in.

175 4064 307 4136 corporalis
323 4065 382 4129 (rid.
400 4062 456 4111 Seu.
470 4062 498 4110 E.
516 4062 567 4124 90),
584 4078 633 4109 nou
646 4059 750 4122 denique
766 4059 878 4123 rurigena,
894 4058 934 4106 sed
950 4058 1084 4123 dirigendus
1099 4057 1124 4106 13
1138 4057 1222 4108 Iudice
1235 4061 1334 4125 legitur.

175 4151 273 4200 Scilicet
289 4149 435 4214 Augustinus
448 4163 496 4193 non
508 4146 644 4194 Platonicus
656 4145 681 4192 in
697 4143 775 4191 3331113
788 4142 833 4192 1311
848 4149 943 4208 (313313
957 4141 1073 4190 sermonis
1085 4142 1163 4190 Graeci
1180 4144 1333 4212 imperitus),

173 4237 267 4286 13113133
282 4245 361 4283 tamen
376 4248 462 4280 nomen
477 4229 623 4293 3333311318.
639 4225 763 4290 Augustini
773 4227 935 4289 vocabulum),
952 4225 1036 4275 133133
1049 4226 1200 4286 Quintiliano
1209 4242 1333 4296 repertum

173 4339 218 4388 pro
229 4320 302 4369 verbo
317 4342 327 4364 «
341 4319 421 4367 Οὐσία
436 4339 448 4361 n
462 4332 534 4381 quam
546 4338 558 4356 «
571 4308 724 4361 3331313113
738 4324 782 4358 usu
792 4312 856 4376 apud
869 4312 1009 4360 Ciceronem
1024 4310 1139 4376 positum,
1149 4327 1201 4362 esse
1211 4313 1319 4368 videtur.
