2790 4770
638 381 838 445 -132-

566 625 745 675 ΠΛΑΤΩΝΟΣ
762 627 909 676 ΤΙΜΑΙΟΣ.

212 801 284 863 ΙΙ..
312 845 320 860 .
349 843 356 859 .
381 793 422 861 Τί
440 794 477 860 τὸ
497 793 529 861 όν
550 795 608 881 ἀεὶ,
627 797 742 888 γένεσιν
768 787 803 863 δὲ
824 799 879 864 οὐκ
910 799 992 890 έχον,
1023 798 1075 864 καὶ
1100 799 1133 866 τί
1157 803 1193 867 τὸ
1216 803 1319 896 γιγνό-

157 947 246 1016 μενον
268 922 334 1015 μὲν,
363 917 396 986 όν
426 910 463 985 δὲ
485 910 651 1005 οὐδέποτες
675 922 713 988 τὸ
738 921 792 1013 μὲν
820 912 859 996 δὴ
880 926 981 1000 νοη’σει
1009 919 1091 990 κατὰ
1110 924 1207 1019 λόγου
1234 952 1320 1020 περι-

153 1045 287 1127 ληπτὸν,
307 1043 354 1111 ἀεὶ
374 1042 457 1110 κατὰ
473 1040 576 1110 τοιύτδι
598 1042 642 1130 όν,
664 1045 701 1112 τὸ
722 1035 752 1111 δ’
774 1043 811 1113 αὖ
830 1037 904 1142 δόξῃ
924 1048 991 1139 μετ’
1011 1045 1177 1128 αἰσθήσεως
1202 1051 1320 1145 ἀλόγου

159 1163 326 1255 δοξαστὸν,
352 1168 530 1264 γιγνόμενον
564 1168 616 1237 καὶ
643 1170 869 1263 ἀπολλύμενον,
898 1170 994 1251 ὅντως
1028 1164 1244 1242 δὲούδέποτε
1269 1174 1317 1242 όν.

160 1301 228 1363 Πᾶν
251 1286 287 1361 δὲ
307 1291 344 1362 αὖ
367 1296 402 1362 τὸ
426 1294 603 1390 γιγνόμενον
629 1299 680 1362 ὑπ’
697 1294 796 1363 αἰτίου
823 1297 902 1376 τινὸς
927 1290 959 1376 ἐξ
989 1298 1124 1394 ἀνάγκης
1147 1299 1320 1394 γίγνεσθαι·

160 1421 254 1489 παντὶ
281 1419 339 1514 γὰρ
367 1411 522 1487 ἀδύνατον
553 1421 648 1515 χωρὶς
679 1420 779 1488 αἰτίου
804 1424 919 1516 γένεσιν
945 1431 1038 1516 σχεῖν.
1064 1405 1148 1492 ὅτου
1180 1426 1234 1518 μὲν
1269 1423 1321 1493 οὖν

160 1545 195 1615 διν
217 1553 232 1615 ὁ
254 1539 437 1640 δημιουργὸς
466 1547 541 1639 πρὸς
561 1547 596 1613 τὸ
620 1544 704 1614 κατὰ
723 1543 824 1614 ταύτὰ
852 1551 921 1641 ἕχον
951 1551 1074 1633 βλέπων
1098 1551 1157 1638 ἀεὶ,
1188 1553 1322 1638 τοιούτῳ

161 1675 221 1741 τινὶ
249 1675 484 1768 προσχρώμενος
516 1663 761 1767 παραδείγματι,
782 1676 837 1746 τὴν
869 1667 953 1744 ἰδέαν
982 1676 1034 1743 καὶ
1061 1667 1191 1769 δύναμιν
1222 1680 1322 1746 αὐτοῦ

161 1793 387 1894 ἀπεργάζηται,
421 1799 515 1866 καλὸν
545 1791 577 1876 ἐξ
604 1797 739 1894 ἀνάγκης
762 1803 861 1878 οὕτως
889 1799 1106 1870 ἀποτελεῖσθαι
1128 1808 1205 1870 πᾶν·
1229 1801 1264 1871 οὖ
1291 1795 1321 1870 δ’

160 1922 195 1993 ἂν
216 1927 256 2004 είς
269 1926 306 1993 τὸ
326 1926 463 2020 γεγονὸς,
479 1931 616 2019 γεννητῷ
634 1916 867 2020 παραδείγματι
886 1929 1136 2020 προσχρώμενος,
1157 1931 1191 1996 οὑ
1211 1932 1321 2013 καλόν.

162 2037 191 2118 O
212 2043 251 2126 δὴ
275 2055 334 2127 πᾶς
355 2049 477 2144 οὐρανὸς
494 2037 544 2142 (1)
564 2047 582 2123 ’λ
608 2049 723 2142 κόσμος
745 2049 763 2125 ἢ
788 2050 840 2117 καὶ
871 2045 948 2119 ἀλλο
975 2054 1034 2139 ό,τι
1061 2053 1140 2120 ποτὲ
1170 2047 1323 2144 ὀνομαζό-

164 2203 252 2266 μενος
274 2172 402 2267 μάλιστ’
420 2167 455 2239 διν
475 2163 613 2264 δέχοιτο,
639 2173 723 2239 τοῦθ’
743 2179 815 2266 ημῖν
838 2173 1020 2267 ὠνομάσθω,
1045 2180 1191 2245 σκεπτέον
1219 2169 1250 2244 δ’
1269 2174 1322 2245 οὖν

163 2300 232 2396 περὶ
251 2303 346 2366 αὐτοῦ
362 2308 495 2391 πρῶτον,
511 2299 584 2389 όπερ
602 2297 764 2364 ὑπόκειται
781 2299 850 2392 περὶ
872 2301 989 2380 παντὸς
1012 2306 1039 2370 έν
1060 2302 1139 2396 ἀρχῇ
1159 2293 1221 2370 δεῖν
1249 2328 1323 2371 σκο’

165 2434 250 2514 πεῖν,
269 2425 401 2517 πότερον
431 2420 467 2498 ἦν
492 2422 551 2508 ἀεὶ,
570 2423 714 2516 γενέσεως
737 2423 833 2516 ἀρχὴν
855 2425 933 2516 ἔχων
953 2417 1111 2520 οὐδεμίαν,
1143 2424 1161 2503 ἢ
1185 2430 1324 2523 γέγονεν,

166 2554 219 2620 ἀπ’
239 2553 335 2644 ἀρχῆς
361 2551 440 2628 τινὸς
468 2541 648 2642 ἀρξάμενος.
682 2550 827 2642 Γέγονεν·
857 2552 966 2642 ὁρατὸς
986 2549 1044 2649 γὰρ
1071 2536 1168 2632 ἁπτός
1185 2555 1221 2622 τέ
1239 2557 1324 2622 ε’στιν

165 2679 217 2747 καὶ
237 2688 328 2771 σῶμα
346 2679 435 2768 ἔχων,
455 2674 558 2743 πάντα
583 2666 617 2741 δὲ
644 2674 685 2741 τά
715 2685 847 2743 τοιαῦτα
869 2675 1020 2765 αἰσθητὰ,
1045 2676 1087 2745 τὰ
1113 2671 1142 2746 δ’
1170 2679 1323 2762 αἰσθητὰ,

166 2797 242 2896 δόξῃ
266 2797 441 2895 περιληπτά
463 2803 530 2892 μετ’
550 2797 724 2905 αἰσθήσεως,
739 2797 905 2892 γιγνόμενα
922 2802 974 2867 καὶ
992 2799 1123 2896 γεννητά
1142 2801 1250 2892 ἐφάνη.
1269 2808 1324 2888 Τῷ

168 2924 197 2997 δ’
220 2926 256 2996 αὖ
273 2929 424 3023 γενομένῳ
445 2927 542 3018 ραμὲν
562 2925 613 2992 ὑπ’
632 2920 732 2990 αἰτίου
748 2925 826 3003 τινὸς
847 2923 979 3020 ἀνάγκην
995 2921 1070 2992 εἶναι
1086 2927 1235 3020 γενέσθαι.
1262 2931 1324 2993 Τὸν

168 3056 220 3149 μὲν
241 3051 292 3122 οὖν
309 3056 441 3127 ποιητὴν
459 3050 511 3118 καὶ
530 3049 651 3142 πατέρα
669 3039 762 3116 τοῦδε
782 3060 838 3116 τοῦ
855 3051 970 3129 παντὸς
990 3056 1081 3144 εὑρεῖν
1106 3077 1140 3118 τε
1162 3053 1249 3147 ἔργον
1271 3052 1325 3120 καὶ

167 3181 295 3274 εὑρόντα
313 3178 352 3257 είς
373 3174 492 3253 πάντας
509 3167 663 3241 ἀδύνατον
681 3174 798 3268 λέγειν·
818 3167 891 3242 τόδε
906 3167 934 3240 δ’
949 3171 999 3244 οὖν
1018 3176 1110 3246 πάλιν
1127 3180 1324 3246 ἐπισκεπτέον

168 3304 235 3401 περὶ
268 3309 377 3389 αὐτοῦ,
401 3304 476 3395 πρὸς
502 3301 632 3394 πότερον
663 3307 725 3367 τῶν
753 3291 1017 3396 παραδειγμάτων
1042 3308 1057 3370 ὁ
1088 3303 1325 3396 τεκταινόμενος

168 3431 259 3499 αὐτὸν
287 3423 504 3523 ἀπειργάζετο,
533 3427 663 3517 πότερον
690 3426 766 3517 πρὸς
796 3426 833 3493 τὸ
867 3425 948 3494 κατὰ
974 3425 1073 3495 ταύτά
1099 3429 1151 3496 καὶ
1175 3432 1326 3507 ὡσαύτως

167 3553 283 3650 ἑ’χον,ἢ
300 3555 376 3650 πρὸς
397 3553 434 3620 τὸ
454 3552 589 3647 γεγονός.
614 3549 650 3617 Εἰ
667 3550 719 3642 μὲν
743 3540 781 3625 δὴ
801 3553 895 3630 καλός
916 3556 996 3620 ἐστιν
1018 3544 1072 3621 όδε
1091 3555 1238 3649 ὁκόσμος
1257 3561 1277 3624 ό
1293 3583 1325 3625 τε

168 3672 352 3775 δημιουργὸς
363 3679 490 3773 ἀγαθὸς,
505 3668 598 3751 δῆλον
613 3679 652 3753 ὡς
665 3676 740 3768 πρὸς
755 3674 791 3741 τὸ
805 3667 903 3743 ἀίδιον
920 3673 1057 3746 έόλεπεν·
1069 3678 1094 3746 εἰ
1105 3670 1140 3746 δὲ
1150 3681 1205 3773 μὴ,
1217 3677 1233 3747 ὃ
1247 3673 1327 3774 μηδ’

167 3805 258 3874 εἰπεῖν
281 3804 340 3871 τινὶ
360 3803 456 3896 θέμις,
477 3803 553 3897 πρὸς
571 3802 606 3869 τὸ
620 3800 756 3895 γεγονός.
774 3801 877 3870 Παντὶ
892 3793 930 3877 δὴ
948 3804 1054 3896 σαφὲς,
1072 3808 1122 3872 ότι
1136 3805 1212 3899 πρὸς
1226 3807 1262 3874 τὸ
1278 3804 1324 3876 oii-

164 3921 247 3996 διον·
265 3933 280 3995 ὁ
298 3927 352 4019 μὲν
371 3921 429 4021 γὰρ
444 3925 608 4002 κάλλιστος
624 3932 685 3989 τῶν
698 3923 882 4016 γεγονότων,
901 3929 916 3992 ὁ
934 3917 963 3992 δ’
983 3921 1108 4020 ἀριστος
1129 3933 1190 3995 τῶν
1206 3926 1323 3999 αἰτίων.

164 4058 258 4123 Οὕτω
272 4046 312 4128 δὴ
328 4053 523 4148 γεγενημένος
535 4051 610 4143 πρὸς
624 4050 660 4117 τὸ
670 4047 755 4143 λόγῳ
765 4052 817 4115 καὶ
829 4053 970 4144 ρρονησει
980 4052 1170 4148 περιληπτὸν
1179 4054 1233 4123 καὶ
1241 4052 1326 4123 κατά

191 4243 226 4308 (Ι)
244 4241 354 4307 Οὐρανός
368 4242 404 4306 (ιιι
419 4239 484 4304 apud
499 4236 551 4287 Cic.
569 4237 672 4299 Coelum)
686 4252 736 4285 nou
751 4237 823 4286 modo
846 4236 944 4305 coelum,
965 4239 1007 4288 sed
1028 4241 1147 4290 mundum
1166 4241 1241 4292 etiam
1261 4242 1326 4293 desi·

156 4336 222 4392 guar.
236 4324 373 4375 Macrobius
386 4324 412 4373 irr
426 4321 613 4373 Commentariis
626 4321 657 4370 de
671 4319 770 4369 Somnio
785 4320 905 4387 Scipionis
918 4321 960 4387 (li,
976 4324 1016 4389 11)
1029 4324 1081 4375 haec
1096 4325 1193 4393 scripsit
1207 4344 1212 4376 :
1228 4326 1326 4379 «Hur-

155 4417 201 4465 dus
214 4415 313 4482 proprio
326 4414 414 4465 coelum
426 4422 535 4464 vocatur.
547 4432 559 4454 ν
572 4438 603 4447 -
615 4409 672 4459 Vid.
684 4408 706 4459 J.
720 4407 748 4459 V.
764 4408 801 4463 L..
815 4417 873 4460 rom.
886 4408 959 4468 xxlr,
972 4424 997 4475 p.
1017 4414 1076 4462 366.
