2790 4770
586 302 787 366 -222-

148 440 218 501 Lib.
245 443 268 514 1,
286 442 335 502 tu.
352 474 392 486 -
424 461 438 497 ιι
517 441 639 520 Omnia,
658 461 729 522 quaa
744 441 782 502 ad
810 441 936 502 beatam
957 439 1054 502 vitam
1073 440 1263 519 pertineant,

109 553 217 610 ventre
232 546 338 609 metiri
353 547 407 628 (Ι).
421 571 435 608 υ

151 655 219 717 Lib.
235 658 259 730 Ι,
275 659 324 717 ΙΙ.
340 691 380 702 -
391 677 405 712 ι
417 658 482 719 Νο0
492 655 649 732 manibus,
666 662 702 718 ut
715 658 846 732 Xerxes
864 655 917 716 sed
929 653 1117 731 rationibuS,
1128 653 1267 720 Deorum

96 762 337 826 'immortalium
353 767 471 844 templa
493 772 524 828 et
538 784 606 828 aras
622 762 770 828 everterit
786 764 840 843 (2).
857 784 873 821 ο

152 871 196 933 De
219 875 287 934 Nat.
298 874 402 947 Dour„
419 872 477 956 lii).
493 876 530 949 11,
549 878 580 935 4.
595 909 635 919 -
652 897 667 933 n
678 875 722 934 Ne
738 869 814 950 aegri
836 869 967 951 quidem
990 870 1142 951 quianon
1159 890 1270 935 omnes

112 979 346 1052 convalescunt,
364 977 486 1041 ideirco
500 998 550 1040 ars
564 979 652 1040 n'ulla
669 974 828 1040 medicina
842 981 890 1037 est
903 974 955 1056 (3).
970 999 984 1035 ν

154 1085 283 1146 1111111.
307 1087 409 1156 neor„
428 1085 702 1164 1101111011).
722 1087 774 1152 111.
790 1088 819 1146 0.
841 1116 883 1131 -
901 1105 916 1142 ι
931 1087 1006 1146 uaee
1020 1083 1118 1161 enim,
1135 1104 1209 1165 μοι
1224 1069 1272 1147 11-

114 1192 288 1253 latantura
315 1192 418 1267 nobis,
446 1197 531 1255 Zeno
553 1195 598 1255 sie
622 1194 789 1272 premebat
814 1213 820 1253 :
843 1214 856 1249 n
872 1193 961 1267 Quod
976 1191 1097 1256 ratione
1109 1179 1224 1270 utitur,
1241 1192 1272 1256 id

113 1286 225 1363 melius
240 1307 297 1378 est,
314 1321 409 1382 quam
426 1302 458 1364 id
479 1305 563 1383 quod
578 1304 700 1366 ratione
713 1321 775 1364 non
791 1300 891 1364 utitur
906 1306 955 1380 (4).
970 1325 985 1361 ν
1238 1368 1243 1375 ,

152 1407 220 1469 Lib.
236 1411 272 1482 11,
289 1412 318 1472 8.
337 1443 374 1454 —
394 1408 517 1484 «Nihil,
542 1409 657 1490 inquit,
678 1412 762 1490 quod
782 1409 891 1485 animi,
903 1389 1065 1491 ¹quodque
1078 1410 1213 1474 rationis
1226 1418 1274 1475 est

112 1537 233 1599 expers,
247 1518 279 1580 id
289 1537 439 1599 generare
452 1538 489 1582 ex
502 1537 535 1581 se
546 1524 651 1599 potest
662 1518 857 1582 animantem
868 1525 1114 1600 compotemque
1125 1520 1272 1586 rationis

113 1629 249 1690 Mundus
277 1633 384 1690 autem
414 1621 544 1707 generat
571 1625 748 1690 animantes
775 1633 1001 1707 compotesque
1025 1625 1170 1690 rationis.
1197 1627 1276 1690 Ani-

86 1764 90 1769 ·
114 1755 201 1797 mans
217 1741 264 1797 est
279 1734 375 1815 igitur
397 1737 534 1796 mundus
550 1752 744 1815 composque
759 1733 889 1797 rationis
905 1734 958 1816 (5).
975 1758 989 1794 υ

151 1844 218 1905 Lib.
234 1845 271 1918 ΙΙ,
289 1848 337 1904 2⁶2.
368 1877 409 1888 -
437 1845 550 1903 «Zeno
565 1842 663 1922 igitur
682 1841 726 1903 ita
740 1848 885 1904 naturam
910 1841 1032 1919 definit,
1053 1847 1088 1905 ut
1103 1860 1175 1904 eam
1189 1841 1279 1906 dieat

113 1949 218 2029 ignem
234 1967 299 2012 esse
315 1948 522 2012 artificiosum
546 1949 584 2010 ad
599 1949 794 2029 gignendum
810 1949 1068 2030 progredientem
1080 1950 1131 2012 via
1144 1949 1201 2030 (6).
1218 1973 1233 2010 u

154 2053 223 2118 Lib.
251 2058 288 2132 ΙΙ,
322 2059 370 2118 39.
391 2089 427 2102 -
445 2079 460 2117 ιι
473 2058 517 2118 Ae
531 2053 689 2135 principio
717 2061 852 2130 terra...‚
878 2055 981 2118 locata
994 2054 1028 2125 in.
1042 2055 1149 2118 media
1163 2056 1278 2119 mundi

115 2164 255 2240 sedet'i).
271 2186 285 2222 u

155 2273 201 2332 De
219 2273 288 2333 Not.
318 2273 422 2347 Deoia,
444 2269 499 2332 lib.
529 2272 580 2345 111,
605 2273 653 2333 ΙΙ.
675 2307 713 2315 -
733 2293 748 2330 «
773 2273 814 2333 At
832 2267 919 2333 enim
934 2269 1050 2350 quaerit
1063 2273 1155 2359 ,apud
1168 2253 1281 2336 Xeno-

69 2401 71 2405 ·
115 2377 268 2456 phontem
286 2378 441 2451 Socrates,
470 2374 554 2437 unde
579 2374 721 2437 animum
745 2374 984 2456 arripuerimus,
1006 2376 1032 2439 si
1056 2381 1163 2441 nullus
1181 2379 1281 2444 fuerit

117 2484 150 2545 in
165 2485 285 2546 mundo
304 2484 356 2564 (8).
370 2505 385 2541 1)

151 2726 187 2791 (1)
206 2724 243 2775 Cf.
259 2743 298 2792 ap.
311 2725 434 2777 Demosth.
446 2739 452 2773 :
464 2729 500 2790 Τῇ
512 2725 600 2790 γαστρὶ
615 2730 760 2791 μετροῦντες
773 2726 815 2775 καί
827 2727 879 2783 τοῖς
891 2727 1025 2794 αἰσχίστοις
1037 2729 1081 2788 τὴν
1095 2729 1265 2794 εὐδαιμονίαν.

151 2812 186 2876 (2)
205 2809 284 2871 Quum
296 2811 412 2861 Graeciam
424 2810 513 2860 Xerxes
527 2809 658 2870 invaderet,
675 2811 705 2859 τὰ
716 2811 757 2876 ip&
770 2810 811 2860 καὶ
825 2812 855 2860 τὰ
871 2807 918 2860 ίδια
931 2813 956 2862 ἐν
971 2813 1050 2877 ὁμοίῳ
1067 2814 1197 2880 ἐπριέειο,
1210 2817 1284 2882 ἐμπι-

115 2898 178 2966 πράς
191 2915 217 2947 τε
232 2899 273 2948 καὶ
291 2898 449 2948 κοιταὸοίλλων
467 2897 516 2946 τῶν
531 2897 592 2946 θεῶν
613 2896 645 2945 τὰ
659 2896 797 2960 ἀγάλματα,
815 2905 840 2945 ut
854 2896 888 2946 ait
901 2896 1019 2948 Themist.
1035 2914 1075 2964 up.
1093 2897 1213 2948 Herodot.
1235 2895 1281 2949 lib.

117 2982 181 3046 Vin,
196 3000 249 3050 eap.
261 2986 302 3034 10.

117 3153 177 3202 ἀλλὰ
188 3153 271 3218 μέχρις
284 3144 312 3202 οὗ
329 3153 461 3217 ἐνδέχεται,
475 3149 545 3215 μέχρι
556 3149 647 3200 τούτου
657 3149 828 3216 προαγαγεῖν..
840 3150 905 3201 .vid.
920 3162 944 3201 et
957 3151 1025 3201 ovid.
1039 3151 1114 3218 Epist.
1128 3168 1158 3202 ex
1169 3151 1246 3204 Punt.
1263 3154 1283 3214 Ι,

118 3236 179 3301 eleg.
195 3249 237 3298 111,
256 3239 294 3285 ΙΙ.

412 3326 456 3364 Nou
466 3328 497 3363 est
509 3323 532 3363 in
542 3324 622 3363 medico
633 3335 713 3374 semper
723 3325 826 3364 relevetur
836 3329 859 3364 ut
869 3334 935 3374 agen

449 3386 553 3424 Interdum
563 3387 621 3424 docta
632 3386 678 3433 plus
690 3387 744 3424 valet
756 3391 800 3424 arte
810 3387 895 3425 malum.

154 3481 190 3547 (Ι)
207 3480 284 3546 ipsam
294 3475 395 3528 Zenonis
406 3477 614 3528 ratiocinationem
624 3477 657 3528 sic
669 3477 739 3528 effert
749 3478 835 3528 Sextus
844 3474 978 3546 Empiricos
990 3482 1044 3531 ads.
1052 3481 1170 3533 mutirem.
1181 3500 1209 3549 p.
1222 3480 1281 3536 iti.

122 3591 153 3602 -—
165 3568 192 3615 Ei
205 3565 233 3614 τὸ
252 3566 350 3628 λογικὸν
367 3570 410 3615 τοῦ
426 3566 457 3628 μὴ
473 3563 574 3629 λογικοῦ
587 3565 699 3629 κρεῖττόν
715 3566 777 3629 ἐστι,
793 3567 862 3617 οὐδὲν
876 3569 902 3618 δέ
918 3585 946 3631 γε
963 3569 1060 3633 κόσμον
1078 3569 1192 3635 κρεῖττόν
1207 3569 1281 3620 ἐστι·

120 3651 218 3715 λογικὸν
233 3650 308 3717 ἄροιο
324 3650 426 3715 κόσμος.
447 3651 494 3699 Καὶ
512 3651 632 3706 ὡσαύτως
646 3650 685 3699 ἐπὶ
702 3657 746 3700 τοῦ
767 3651 854 3720 νοεροῦ
868 3654 910 3703 καὶ
933 3653 1054 3721 ἐμψυχίας
1073 3656 1232 3721 μετέχοντος.
1246 3656 1284 3706 Τὸ

96 3721 100 3728 ⁸
119 3739 169 3806 γὰρ
183 3738 270 3805 νοερὸν
288 3742 333 3787 τοῦ
353 3739 385 3802 μὴ
402 3734 501 3803 νοεροίι,
517 3737 559 3785 καί
574 3734 685 3801 ἔμψυχον
705 3741 749 3786 τοῦ
764 3738 795 3800 μὴ
816 3737 930 3804 ἐμψύχου
945 3738 1057 3805 κρεῖττόν
1073 3739 1147 3789 ἐστιν.
1162 3741 1243 3791 Οὐδὲν
1257 3739 1284 3791 δέ

120 3843 148 3891 γε
161 3825 258 3890 κόσμου
273 3824 395 3890 κρεῖττον.
407 3824 502 3890 Νοερὸς
514 3821 562 3888 ἄρα
577 3822 619 3873 ναὶ
630 3823 739 3888 ἔμψυχός
754 3823 819 3873 ἐστὶν
833 3827 845 3872 ὁ
859 3825 963 3889 κόσμος.

155 3915 190 3976 (5)
203 3904 258 3960 Hac
271 3920 326 3960 sunt
340 3908 441 3958 Zenonis
454 3908 526 3957 rerba
541 3908 594 3958 :Tu
606 3909 753 3974 προϊέμενον
769 3910 870 3975 σπέρμα
881 3908 982 3974 λογικοῦ
996 3912 1038 3960 καί
1052 3911 1112 3960 αὐτὸ
1125 3911 1228 3975 λογικόν
1242 3912 1284 3964 ἑο·

124 4016 170 4048 τιν.
191 3999 221 4046 ‘0
233 3996 259 4045 δὲ
274 3996 369 4060 ιιὸσμος
379 3992 491 4061 προίεται
504 3993 602 4059 σπέρμα
615 3994 726 4056 λογικοῦ.
741 3993 848 4057 Λογικὸν
863 3994 911 4061 ἄρα
922 3995 987 4045 ἐστίν
1002 3998 1015 4045 ὁ
1029 3996 1133 4060 κόσμος.

157 4085 192 4149 (6)
208 4083 289 4133 Graue
300 4081 348 4147 πῦρ
362 4081 473 4147 τεχνικὸν
489 4080 537 4143 ὁδῷ
549 4079 644 4143 βάδιζον
659 4080 692 4134 εἰς
701 4079 793 4140 γένεσιν
804 4078 855 4143 (vid
875 4080 945 4145 Diog.
960 4081 1052 4140 Laert,
1061 4080 1105 4131 lib.
1118 4080 1172 4146 vll,
1186 4082 1202 4149 §
1216 4083 1283 4149 156).

156 4170 191 4235 (Ι)
209 4168 246 4218 Cf.
263 4168 324 4216 mar.
339 4165 435 4214 Plraedo.
448 4193 478 4202 -
489 4163 539 4214 Καὶ
552 4164 595 4223 τῆς
605 4164 650 4227 γῆς
660 4164 843 4229 ἶσοῤῥοτιίαν...

158 4255 194 4320 (8)
212 4254 314 4304 Planum
333 4251 381 4300 hoc
397 4250 486 4300 facient
499 4247 655 4315 Xenophont.
675 4248 748 4298 rerba
767 4250 792 4297 in
811 4249 891 4314 primo
912 4250 954 4300 lib.
975 4240 1247 4303 Memorabil.-Nuirv
1258 4251 1285 4302 δὲ

124 4341 198 4408 μόνον
212 4340 260 4407 ἄρα
271 4335 382 4403 οὐδαμοῦ
394 4338 454 4388 ὄντα
464 4353 492 4387 σε
505 4335 614 4402 ίυτυχῶς
624 4335 677 4391 πῶς
686 4335 767 4391 δοκεῖς
778 4335 950 4403 συναρπάσαι)
