2790 4770
593 266 772 332 ..77-

212 418 376 510 ἀντιπέρην
392 396 518 509 ὄρνιθος
536 419 711 486 ἑλίσσεται·
732 425 751 492 ri
770 410 804 484 ii
821 420 938 512 μεσηγὺ

212 541 346 634 ὀρνιθέης
362 548 496 636 κεφαλῆς
515 543 567 610 καὶ
585 544 734 639 γούνατος
753 545 947 638 ἐστήρικται.

105 666 168 758 275
211 645 292 735 licor
310 664 368 763 γὰρ
389 668 440 736 ιιαὶ
458 670 531 743 Ζηνὶ
550 673 740 762 παρατρέχει
758 666 859 747 αἴολος
877 645 982 762 ὅρνις.

211 779 286 859 Ᾰλλ’
304 798 321 860 ὁ
336 794 389 886 ριὲν
404 794 531 886 ἠερόεις,
546 791 588 863 τὰ
605 785 641 862 δὲ
656 793 684 861 οἱ
700 791 797 886 πτερὰ
810 796 1016 888 τετρήχονται

122 963 124 968 -
211 916 359 1011 ἀστράσιν
376 919 444 987 οὔτι
462 918 529 993 λίην
545 918 701 1013 μεγάλοις,
716 917 793 1012 ἀτὰρ
808 923 842 986 οὐ
859 918 913 1012 μὲν
934 918 1078 1011 ἀραοροῐς
1100 904 1167 1009 (ι).

212 1032 334 1138 (Αὐτὰρ
350 1048 396 1139 ὅγ’
412 1037 568 1113 εὐδιόωντι
582 1047 681 1119 nosris
701 1030 806 1138 ὄρνιθι
821 1046 924 1125 ἐοικὼς

212 1169 309 1260 οὔριος
324 1168 366 1248 εἰς
381 1171 487 1261 ἑτέρην
502 1157 654 1262 φέρεται),
677 1168 759 1237 κατὰ
779 1161 867 1247 δεξιὰ
884 1171 983 1265 χειρὸς

105 1294 180 1360 αὸο
214 1291 346 1386 Karpeia<
364 1303 490 1389 ταρσοῒο
507 1293 547 1363 τὰ
565 1286 653 1373 δεξιὰ
671 1294 803 1388 πείρατα
821 1271 947 1362 τείνων·

210 1425 283 1513 λαιῇ
299 1402 336 1489 δὲ
355 1424 481 1515 πτέρυγι
495 1421 650 1513 σκαρθμὸς
665 1423 891 1513 παρακέκλιται
911 1401 1022 1489 Ῐπποιι.

210 1544 271 1610 Τὸν
289 1535 324 1612 δὲ
339 1543 587 1639 μετασκαίροντα
601 1532 652 1637 (2)
670 1536 718 1611 λα’
734 1529 836 1637 Ιχθύες
849 1545 1076 1637 ἀμφινέμονται

215 1649 334 1737 Ϊππον·
354 1667 416 1763 πὰρ
432 1662 461 1736 δ’
480 1667 540 1765 ἄρα
559 1671 588 1738 οἱ
600 1679 718 1770 κεραλῇ
731 1671 796 1765 χεὶρ
813 1658 984 1764 Ῠδροχόοιο

215 1784 352 1889 δεξιτερή
367 1795 547 1863 τετάνυσθ’·
562 1801 577 1862 ὁ
594 1785 624 1859 δ’
644 1795 802 1889 ὀπίστερος
822 1796 1005 1890 Αίγοιιερῆος

111 1917 174 1985 285
215 1922 376 1987 τέλλεται·
397 1918 495 2015 αὐτὰρ
515 1923 566 2015 ὅγε
584 1921 732 2014 πρότερος
747 1920 798 1987 καὶ
814 1920 903 1989 νειόθι
922 1924 1040 2012 μᾶλλον

216 2042 553 2141 ιιέιιλιταιᾹίγοιιέρως,
570 2046 619 2112 ἵνα
633 2071 667 2114 τε
683 2046 805 2138 τρέπετ’
820 2046 920 2122 ἠελίου
935 2045 972 2123 ἰ’ς.

215 2241 285 2313 Quae
296 2257 382 2315 genus
392 2242 428 2299 ad
439 2245 540 2301 laevum
553 2244 615 2300 Nixi
627 2244 740 2317 delapsa
755 2245 871 2314 resedit,
962 2262 965 2268 ’

213 2339 297 2405 atque
310 2333 383 2390 inter
391 2331 493 2389 ilerum
506 2350 592 2406 genus
607 2342 637 2391 et
650 2343 735 2407 caput
747 2335 830 2391 Alitis
844 2335 933 2393 haesit.

215 2422 338 2492 Namque
352 2429 394 2478 est
404 2422 472 2477 Ales
482 2421 551 2488 avis,
564 2423 621 2479 lato
634 2423 819 2496 subtegmine
832 2425 897 2482 coeli

214 2521 277 2579 quae
289 2506 372 2579 volat,
386 2515 414 2564 et
424 2522 537 2581 serpens
551 2509 669 2582 geminis
680 2519 756 2567 secat
766 2527 830 2568 aera
841 2513 946 2584 pennis.

213 2596 308 2652 Altera
319 2611 383 2668 pars
394 2596 459 2654 huic
470 2597 588 2656 obscura
600 2607 642 2656 est
655 2607 683 2655 et
696 2599 811 2656 luminis
823 2616 937 2672 expers;
1010 2626 1012 2630 ⁸

214 2686 298 2742 altera
310 2702 362 2742 nec
378 2687 478 2759 parvis,
490 2703 542 2745 nec
551 2689 633 2746 elaris
645 2689 754 2747 lucibus
765 2689 853 2759 ardet,

214 2776 262 2834 sed
275 2777 419 2834 mediocre
425 2779 495 2852 jacit
507 2778 633 2851 quatiens
643 2795 658 2836 e
670 2793 786 2851 corpore
797 2780 902 2838 lumen.

213 2867 282 2923 Haeo
294 2867 419 2924 dextram
431 2867 534 2940 Cephei
547 2868 643 2924 dextro
654 2868 725 2941 pede
737 2855 838 2941 pellere
849 2869 969 2941 palmam

213 2956 312 3029 gestit:
324 2957 381 3030 jam
393 2957 568 3013 veroclinata
582 2966 625 3014 est
634 2958 736 3028 ungula
750 2974 864 3015 vemens
875 2956 915 3028 (3)

215 3043 297 3102 fortis
308 3045 378 3118 Equi
393 3054 508 3118 propter
520 3046 625 3119 pinnati
639 3049 763 3118 corporis
776 3050 860 3105 alam.

216 3137 279 3207 lpse
293 3143 387 3194 autem
399 3135 492 3191 labens
505 3135 588 3193 mutis
601 3139 696 3209 Equus
714 3137 758 3193 ille
769 3145 879 3194 tenetur

214 3224 352 3293 Piscibus,
367 3224 430 3281 huic
443 3227 536 3282 cervix
547 3226 645 3282 derina
658 3226 796 3283 mulcetur
809 3228 926 3299 Aquari.

214 3318 307 3375 Serius
320 3319 380 3377 haec
394 3319 487 3376 obitus
496 3319 580 3375 terrai
592 3318 656 3374 visit
670 3319 805 3391 Equinis,

215 3424 300 3481 quam
315 3409 437 3482 gelidum
451 3408 540 3465 valido
550 3407 584 3465 de
595 3423 710 3480 corpore
722 3406 808 3482 frigus
817 3410 951 3466 anhelans

215 3513 331 3572 corpore
344 3497 474 3556 semifero
484 3513 586 3572 magno
598 3498 781 3569 Capricornus
795 3499 821 3553 in
834 3498 900 3555 orbe
913 3517 919 3553 :

144 3684 179 3746 (l)
197 3681 224 3731 ln
238 3698 345 3734 errorem
358 3685 438 3750 lapsus
456 3691 492 3732 est
506 3682 601 3740 Aratus,
616 3690 644 3731 ut
660 3680 831 3731 animadvertit
845 3680 884 3729 vir
895 3678 1047 3730 doctissimus
1070 3678 1091 3729 J.
1102 3679 1132 3730 V.
1151 3679 1261 3746 Leclerq‚

109 3764 276 3834 Hipparchum
286 3776 391 3817 secutus

141 3852 177 3917 (2)
193 3853 362 3919 μετασκείρω,
374 3879 405 3890 -
417 3873 429 3898 n
443 3852 505 3902 salto
519 3852 590 3901 inler.
604 3872 616 3896 ο
630 3851 755 3913 Quomodo
769 3850 852 3916 legisse
861 3851 959 3901 videtur
972 3850 1058 3900 Cicero
1072 3851 1137 3917 apud
1152 3851 1262 3910 Aratum,
1298 3904 1301 3910 ¹

108 3955 131 3987 ν.
145 3939 204 4000 282,
219 3958 232 3982 α
246 3938 289 3986 τὸν
303 3937 330 3986 δὲ
344 3939 562 4006 μετασταίρονταέ
575 3961 587 3979 «
600 3935 697 4003 Quippe
711 3936 753 4002 qui
767 3952 795 3986 ea
805 3937 879 3986 verba
898 3938 932 3986 sic
946 3938 1121 4003 interpretatus
1135 3936 1166 3986 sit
1178 3960 1191 3979 υ
1212 3936 1263 4002 ipse

108 4031 190 4073 autem
203 4021 312 4072 labens...
327 4045 339 4066 n
353 4021 386 4072 m
399 4021 427 4072 F.
443 4022 549 4072 Avienus
563 4021 658 4071 videtur
676 4021 784 4087 legisset:
798 4020 840 4072 τὸν
855 4021 881 4070 δὲ
901 4022 964 4086 μέτα
982 4021 1126 4087 σκαίροντα.
1141 4045 1153 4062 ν»
1167 4049 1206 4068 -,
1224 4021 1264 4069 Sic

107 4106 174 4157 enim
186 4106 228 4158 ille
243 4143 249 4156 .
264 4105 326 4157 Nam
338 4117 392 4174 post
406 4107 562 4174 cornipedem
574 4107 676 4174 flagrent
689 4106 738 4156 duo
751 4107 830 4156 sidera
843 4106 924 4155 Pisces
937 4105 976 4171 (ll.
985 4103 988 4108 '
998 4105 1093 4172 Steph.,
1110 4103 1180 4154 Thes.
1197 4103 1261 4172 ling.

106 4204 199 4255 grace,
215 4186 299 4254 111,p.
313 4191 369 4246 ⁸02,
380 4188 419 4238 ed.
435 4190 519 4254 1572).

142 4274 178 4338 (³)
195 4269 268 4333 Quod
282 4271 380 4324 Grotius
393 4273 504 4323 observat
515 4274 640 4340 ἀρχαϊκῶς
652 4272 754 4331 dicium,
770 4271 856 4321 omissa
872 4269 1045 4336 adspiratione.
