2790 4770
635 325 815 392 ..qq-

146 467 257 530 ceroni
269 466 352 529 hano
374 466 499 529 laudem
515 482 583 529 esse
605 465 846 530 detrahendam.
862 466 1005 530 Primum
1019 464 1086 546 ipse
1101 483 1212 530 eornm
1234 465 1306 550 opi·

147 573 236 638 pioni
251 591 407 650 assensus,
422 591 522 656 quum
536 590 666 637 carmen
679 572 758 637 illud

359 754 477 814 Pinnata
486 752 573 812 cauda
584 760 713 813 noshum
729 754 766 825 (1)
780 751 875 811 adulat
886 752 1050 828 sangninem

153 929 241 995 Attio
254 935 359 1011 poetae
373 929 441 993 dari
460 931 592 994 aNonio
606 929 760 1009 viderem,
777 936 1007 1013 appareretque
1028 932 1157 1011 insuper
1171 932 1306 995 ex'Var-

151 1037 238 1102 ronis
263 1039 450 1102 auctoritate
474 1041 623 1102 eumdem
648 1040 772 1103 Attium
796 1039 829 1101 in
854 1039 918 1101 suis
941 1038 1117 1102 Trachiniis
1145 1039 1307 1119 Sophocle

150 1147 301 1227 magistro
321 1164 414 1208 usum
435 1147 541 1223 luisse,
568 1149 720 1228 primum,
737 1149 878 1232 inquam,
904 1147 983 1210 nihil
997 1148 1116 1210 habens
1130 1147 1217 1228 quod
1231 1144 1309 1231 huie

150 1252 308 1334 probabili
330 1258 361 1316 et
381 1254 523 1316 honestae
546 1254 660 1318 rationi
687 1272 895 1335 opponerem,
925 1254 1056 1317 alteram
1078 1271 1097 1314 a
1122 1252 1235 1334 quovis
1258 1254 1309 1315 al-

149 1360 226 1425 ierri
238 1380 303 1424 non
324 1378 416 1441 posse
439 1361 667 1442 conjecturam,
694 1362 755 1424 nisi
777 1363 916 1439 inanem,
934 1341 1123 1425 arbitrabar.
1137 1358 1216 1424 Mihi
1233 1377 1310 1425 vero

148 1469 236 1532 locos
256 1467 311 1531 ubi
331 1468 440 1530 Cicero
456 1485 493 1531 ea
508 1468 648 1533 earmina
667 1468 749 1532 inter
764 1468 991 1549 disputandum
1006 1467 1140 1551 protulit
1155 1466 1311 1532 attentius
1339 1466 1342 1471 ’

150 1576 327 1656 perlegenti
342 1577 445 1640 evenit
462 1577 570 1640 utalia
588 1578 656 1658 jam
675 1577 835 1641 sentirem.
853 1580 894 1639 At
914 1577 968 1658 qui
983 1576 1044 1640 sint
1059 1576 1110 1639 isti
1125 1575 1188 1639 loci
1202 1574 1311 1641 videa·

151 1701 233 1746 mus.
255 1704 270 1743 a
290 1686 371 1758 Quas
394 1684 446 1748 hic
462 1684 636 1766 (Hercules)
650 1702 744 1748 voces
763 1685 848 1765 apud
871 1685 1066 1766 Sophoclem
1082 1685 1116 1746 in
1128 1683 1312 1747 Trachiniis

153 1790 219 1855 edit
232 1789 292 1873 (T)i
310 1815 325 1853 r
358 1795 532 1875 Sophocles
558 1813 576 1856 a
596 1794 747 1856 Cicerone
762 1793 889 1870 dicitur,
909 1811 974 1854 non
987 1791 1092 1855 Attius
1105 1797 1159 1855 aut
1173 1791 1315 1872 quilibet

152 1901 246 1976 poeta
258 1899 428 1963 Romanus.
447 1898 531 1962 inira
545 1899 704 1978 legimus:
733 1898 875 1963 «Veniat
883 1899 1071 1980 AEschylus..
1098 1898 1140 1980 (3)
1152 1920 1168 1958 ιι
1189 1899 1248 1961 llle
1261 1903 1314 1962 ta·

153 2019 227 2067 men
249 2006 335 2083 alias,
356 2004 382 2068 si
411 2002 491 2087 quos
519 2023 625 2069 versus
644 2007 694 2069 vel
719 2005 943 2087 interpretatos
962 2006 1137 2069 admisceat
1158 2004 1313 2084 orationi,

152 2112 341 2192 scriptorem
371 2114 518 2191 latinum,
546 2113 601 2195 qui
634 2113 721 2193 fecit,
750 2114 940 2178 nominatim
964 2114 1118 2195 designat.
1136 2116 1182 2176 Ne
1203 2115 1314 2194 plura,

153 2220 255 2283 Ennio
272 2221 404 2302 Tullius,
419 2240 483 2285 uon
497 2221 654 2303 Euripidi,
676 2222 790 2286 tribuit
804 2241 840 2286 ea
854 2241 926 2303 quae
946 2221 1054 2286 nutrix
1072 2221 1173 2285 exulis
1187 2214 1316 2287 Medeae

154 2329 364 2409 proloquitur.
386 2329 467 2403 Quid
481 2348 584 2393 causae
603 2334 651 2394 est
662 2348 719 2393 our
732 2329 888 2395 honorem
902 2333 988 2395 Attio
1001 2331 1147 2396 debitum
1160 2348 1227 2393 uon
1240 2329 1317 2394 red·

154 2436 308 2501 didisset?
322 2440 365 2500 At
388 2437 474 2500 enim
497 2435 679 2501 Trachinlae
703 2438 869 2519 Sophoclis
887 2439 1028 2504 imitatus
1054 2444 1102 2502 est
1127 2436 1234 2502 Attius
1253 2437 1315 2523 (4).

187 2774 222 2840 (1)
239 2772 303 2827 Non.
320 2772 395 2826 Mare.
411 2770 530 2824 Adulatio
544 2781 580 2824 est
592 2772 786 2826 blandimentum
802 2774 901 2842 proprie
919 2789 1023 2838 canum,
1036 2773 1103 2841 quod
1116 2783 1141 2826 et
1154 2773 1185 2826 ad
1198 2771 1318 2826 homines

154 2862 262 2910 tractum
274 2858 450 2911 consuetudine
460 2866 495 2909 est
499 2893 549 2910 .....
563 2857 621 2909 hcc.
636 2857 743 2911 Promet.

747 3001 841 3045 Suhllme
849 3002 947 3043 advolans

472 3064 561 3106 Pinnata
569 3064 634 3105 cauda
643 3068 737 3106 nostrum
749 3065 820 3106 adulat
829 3064 960 3114 sangninem.
1059 3104 1060 3108 ,

187 3177 224 3257 (2)
241 3188 295 3241 cte.
312 3188 396 3253 Taso,
411 3181 444 3247 ll,
462 3190 488 3247 8,
503 3189 545 3238 20.

188 3274 225 3341 (ὅ)
243 3272 381 3340 AEtohylus,
396 3286 447 3321 non
468 3270 549 3322 Attius
551 3303 601 3323 .....
617 3287 693 3337 quum
706 3269 791 3321 Cicero
806 3269 890 3321 Graeca
905 3264 1013 3320 carmina
1025 3264 1053 3320 in
1064 3263 1168 3320 latinum
1179 3268 1316 3331 convertit,

156 3357 217 3408 illud
228 3351 330 3424 ingenue
343 3356 441 3415 fatetur,
463 3365 505 3407 aiat
519 3363 615 3407 tautum
631 3354 740 3406 Graecum
753 3355 854 3406 nomine
867 3355 973 3422 appellat
986 3363 1090 3423 poetam

190 3443 226 3509 (t)
243 3440 314 3493 Varr.
328 3439 361 3491 de
376 3440 447 3510 ling.
459 3446 523 3507 Lat„
536 3440 589 3502 vti,
605 3442 648 3493 88.
658 3439 719 3490 -E
730 3440 842 3508 pluribus
854 3438 942 3491 fabulis
955 3440 1033 3490 multa
1048 3439 1151 3506 sumpsit
1169 3439 1272 3503 ardun
1288 3441 1317 3493 ld

157 3526 260 3595 intelligi
270 3535 350 3595 potest
362 3543 393 3579 ex
405 3527 445 3581 hh
457 3526 576 3590 uersibus,
586 3541 648 3594 quos
657 3540 709 3577 nou
719 3525 820 3576 omniuo
833 3522 951 3592 Euripide
964 3524 1076 3591 indignos
1086 3523 1207 3592 judicabis
1222 3538 1230 3576 a

436 3672 478 3721 sol,
488 3670 525 3722 qni
533 3670 646 3712 micantem
654 3669 742 3711 candido
754 3678 819 3711 curru
828 3672 890 3718 atque
908 3667 968 3718 equis

434 3736 537 3775 flammam
546 3733 617 3775 citatio
626 3733 707 3775 iervldo
716 3735 789 3774 ardore
797 3731 897 3781 expuens.

435 3797 535 3846 qulanam
547 3800 591 3837 tam
599 3797 685 3837 adrem
691 3795 781 3847 augurio
790 3800 811 3837 et
820 3795 908 3836 inimico
916 3794 986 3836 omine

435 3861 512 3902 Thebis
520 3860 626 3902 radiatum
633 3860 705 3902 lumen
714 3859 808 3901 ostendit
817 3864 875 3901 tuum
886 3864 894 3899 r

376 3980 413 4034 (ll.
437 3973 472 4033 'u
486 3984 530 4045 τὴν
545 3980 646 4050 ἄστροις
657 3978 767 4048 οὐρανοῦ
780 3980 877 4047 τέμνων
891 3980 949 4032 ὁδὸν

440 4067 483 4119 καὶ
496 4068 732 4135 χρυσοκολλήτοισιν
748 4067 860 4132 ἐμΰεὸὼς
871 4067 966 4134 δίφροις

442 4148 525 4213 Ἥλιε,
534 4152 601 4210 θοαῖς
613 4154 723 4204 ἵπποισιν
733 4153 846 4204 εἱλίσσων
860 4153 951 4218 φλόγαρ

364 4250 368 4256 ·
398 4248 401 4253 “
441 4239 475 4295 ὣς
488 4237 599 4303 διιστυχῆ
612 4237 719 4297 edentur
732 4243 761 4303 τῇ
777 4235 828 4289 τόθ’
842 4238 926 4305 ἡμέρᾳ

440 4318 523 4373 ἀκτῖν’
535 4321 680 4388 ipim...
847 4322 945 4390 OEhrlp.
960 4320 1054 4386 Pirum,
1070 4325 1081 4374 l
1096 4327 1122 4373 bl
1132 4319 1200 4390 sqq.)
