2790 4770
535 267 793 353 Δ--οοεοω

510 694 512 699 ’
570 701 741 780 CAPUT
770 704 818 781 V.
942 707 944 710 ‘

115 960 220 1009 VOCUH
249 959 418 1019 bundenum
451 961 746 1007 INTERPRETATIONES
777 961 843 1017 QUAE
869 960 975 1007 PASSIH
1007 959 1164 1023 tudourun
1191 957 1270 1002 APUD

607 1067 792 1115 CICERONEM·

304 1291 306 1295 γ
405 1334 407 1338 ’
445 1319 486 1370 EX
503 1319 662 1371 vehuntur
685 1319 944 1371 burronroofluu.

157 1502 210 1565 Ad
236 1501 504 1578 Herenniumslib.
528 1504 678 1581 1‚oap.t
701 1521 708 1563 :
734 1535 775 1547 -
794 1500 1005 1562 Exordiorum
1029 1501 1093 1577 duo
1120 1503 1195 1560 sunt
1220 1462 1271 1576 ge·

115 1625 195 1671 nera
211 1628 218 1670 :
234 1611 437 1688 Principium,
452 1607 539 1688 quod
569 1610 679 1674 Graeee,
692 1630 708 1667 ο
722 1607 864 1689 Προοίμιον
880 1628 895 1665 ο
924 1607 1117 1687 appellatum
1144 1609 1176 1666 et
1196 1607 1273 1664 insi·
1317 1684 1319 1688 Α

113 1718 236 1788 mentio,
254 1732 325 1793 queo
346 1709 518 1795 «Ἔφοδοςο
534 1714 726 1796 nominetur.

158 1811 226 1875 Lib.
245 1814 270 1888 Ι,
296 1830 365 1892 cap.
381 1815 439 1874 16:
455 1845 496 1859 -
512 1837 546 1873 ;..
562 1810 679 1881 iudicii
695 1811 829 1891 quaestio
852 1816 999 1872 nascatur
1013 1812 1154 1886 oportet3
1176 1825 1272 1887 quam

115 1935 179 1982 nos
200 1918 435 2000 judicationem,
452 1918 554 1980 Graeci
572 1939 586 1976 (Ι
602 1918 792 1999 Κρινόμενον»
811 1919 983 2000 appellant.

159 2026 229 2089 Lib.
248 2027 285 2103 il,
300 2044 369 2106 oap.
386 2031 405 2087 2
420 2046 428 2087 ε
444 2060 485 2071 -
499 2027 537 2087 Et
550 2026 629 2089 item
640 2028 749 2106 quales
763 2031 1052 2106 orqomeotatiooes,
1066 2023 1155 2105 (quas
1174 2023 1274 2087 Graeoi

121 2133 374 2216 «ἐπιχειρήματα»
392 2135 575 2214 appellant),
593 2136 695 2214 sequi,
713 2141 745 2198 et
757 2135 865 2216 quales
881 2135 970 2196 vitari
986 2138 1186 2214 oporteret...

159 2238 229 2305 Lib.
253 2243 292 2318 ll,
318 2259 388 2320 rap.
413 2243 453 2302 30
476 2259 483 2300 :
506 2273 544 2285 -·
569 2240 792 2315 Conclusiooes,
807 2258 878 2320 quie
895 2240 979 2318 apud
995 2234 1120 2300 Graeoos
1136 2235 1277 2295 «Ἐπίλο-

118 2366 193 2426 γοι»
213 2344 430 2422 nominantur,
447 2345 614 2425 tripertitae
634 2350 740 2407 sunt...

160 2454 207 2514 De
219 2454 404 2527 Inventione,
428 2450 483 2514 lib.
512 2453 550 2527 ΙΙ,
578 2469 649 2531 cap.
666 2454 704 2513 23
733 2469 740 2512 :
765 2485 805 2497 -
825 2473 838 2509 ο
862 2454 1060 2514 Accusantur
1076 2449 1160 2526 apud
1181 2446 1275 2530 Ἀμοι·

118 2559 241 2636 κούονας,ι
257 2560 361 2635 idest,
379 2560 462 2639 apud
480 2577 636 2621 commune
652 2561 771 2620 Graeoiae
786 2561 957 2621 concilium.

164 2667 285 2745 Topica,
311 2683 379 2744 oap.
399 2669 417 2726 2
436 2683 443 2726 ε
459 2697 500 2710 -
512 2664 676 2726 Iudicandi
689 2664 775 2726 enim
794 2669 861 2726 vias
875 2662 999 2744 [Stoici]
1021 2660 1192 2740 diligenter
1206 2676 1277 2739 per·

121 2773 221 2836 secuti
236 2778 320 2849 sunt,
340 2790 377 2834 ea
390 2771 531 2848 scientia,
546 2788 641 2852 quem
669 2770 867 2844 «Διολεκτικὴν
881 2795 895 2831 o
916 2772 1086 2852 appellant.
1102 2768 1278 2846 Idoeoieodt

120 2879 194 2943 vero
220 2888 325 2955 ortem,
350 2897 422 2961 queo
436 2880 542 2953 Τοπικὴ
566 2879 694 2957 dicitur,
717 2897 852 2960 quaeque
867 2879 906 2941 ad
919 2898 1013 2942 usum
1032 2878 1138 2958 potior
1149 2880 1227 2952 erat,
1244 2881 1277 2937 et

120 2986 233 3050 ordine
248 2993 370 3049 naturae
391 2993 477 3050 certe
492 2987 589 3066 prior,
609 2994 711 3051 totam
726 2989 935 3068 reliquerunt.

161 3099 236 3177 Gap.
253 3101 272 3160 3
287 3118 294 3159 :
309 3130 350 3151 —
363 3098 513 3178 Ejusdem
523 3102 629 3159 autem
639 3099 762 3177 generis
775 3098 872 3162 rerba
891 3104 974 3173 sunt,
991 3116 1063 3178 quae
1079 3102 1149 3159 orta
1159 3095 1200 3158 ab
1213 3112 1277 3156 uno

120 3206 204 3268 varie
220 3210 467 3281 commutantur,
482 3211 529 3283 ut,
549 3211 708 3287 «sopiens,
721 3212 884 3288 sapienter,
897 3210 1087 3285 sementia.»
1118 3206 1192 3266 Haeo
1211 3199 1279 3266 ver-

122 3310 427 3391 borumeoojuootio
442 3302 755 3392 Xotoyioe(t)dioitur.
950 3384 952 3387 ¹

161 3419 236 3498 Cap.
251 3419 272 3478 d
288 3437 296 3480 ε
312 3451 350 3464 -
364 3420 473 3496 ltaque
487 3416 588 3479 Graeoi
602 3418 679 3479 tales
698 3417 987 3498 argumentationes
1006 3415 1131 3496 ἀτέχνους
1150 3419 1274 3489 vocant,
1371 3415 1374 3421 ’

122 3525 154 3586 id
170 3529 230 3601 est,
245 3527 322 3585 artis
334 3528 480 3604 expertes.

162 3633 236 3711 Cap.
257 3635 276 3693 Ἰ
294 3650 302 3692 :
317 3633 352 3692 ln
366 3631 518 3716 divisione
527 3631 635 3710 former
649 3638 731 3708 sunt,
746 3651 823 3712 quas
836 3633 937 3695 Graeoi
951 3631 1036 3701 Ἰὀέος
1046 3632 1087 3711 (i)
1096 3632 1275 3712 ,appellant3

123 3739 233 3815 nostri,
250 3739 276 3800 si
290 3741 344 3820 qui
359 3741 428 3803 haeo
439 3742 522 3802 forte
535 3729 683 3816 tractant,
700 3746 808 3821 spectes
823 3743 1023 3821 appellant...
1104 3747 1106 3750 ’

162 3847 277 3909 Ibidem
291 3865 299 3909 :
313 3879 353 3892 —
364 3849 521 3908 Notionem
530 3849 667 3927 appello,
681 3866 777 3928 quam
789 3851 889 3912 Graeoi
900 3855 969 3912 tum
982 3844 1119 3925 Ἔννοιον,
1129 3856 1197 3911 tum
1208 3846 1276 3929 ΙΙρό-
1343 3852 1345 3856 “
1387 3900 1390 3905 .

152 4087 188 4152 (i)
208 4085 347 4152 [tegendum
360 4097 428 4139 esset
437 4111 448 4130 u
459 4089 592 4155 Συστοιχία
603 4110 615 4135 ο
625 4105 674 4155 quo
685 4056 764 4140 utitur
776 4089 926 4142 Aristoteles.
942 4089 1069 4141 Scribebat
1082 4089 1147 4140 enim
1161 4089 1276 4140 memoria

121 4176 218 4222 uotum
230 4171 328 4237 adjutus
339 4171 424 4224 Cicero
436 4173 469 4240 (J.
484 4173 514 4224 V.
527 4172 576 4238 L.).
594 4230 597 4234 ,

153 4253 191 4320 (2)
208 4252 321 4306 Portare
333 4255 431 4326 scripsit
442 4256 539 4322 Cicero,
553 4257 659 4309 seribere
670 4267 737 4311 berte
754 4257 860 4311 debuit«
871 4255 923 4318 etto
935 4278 948 4305 ο
958 4256 1049 4308 Sobitz
1061 4255 1096 4322 (J.
1108 4253 1137 4308 t.
1149 4254 1201 4322 t).
