2790 4770
594 308 638 322 ..
663 277 704 340 05
730 309 771 322 ..

102 416 203 479 verba
217 415 340 492 debuit,
362 419 418 477 aut
440 418 531 476 notas
546 413 700 478 dictiones
719 413 868 493 junctura
881 409 995 474 callida
1012 427 1107 473 novas
1121 409 1267 474 reddere.

106 525 199 585 Adde
223 523 309 603 quod
329 520 509 600 Euripides,
536 519 563 581 si
585 520 779 594 Quintiliano
804 519 955 593 creditur,
982 518 1015 579 in
1035 517 1074 579 iis
1092 535 1165 597 quae
1187 535 1270 580 asa·

108 629 270 709 pientibus
298 628 415 691 tradita
435 632 520 703 sunt,
550 644 641 707 paene
659 627 742 708 ipsis'
760 645 817 707 par
836 624 971 689 exstitit.
988 623 1046 688 Hic
1063 624 1150 687 omni
1170 624 1272 704 philo-

108 736 232 817 sophiae
258 734 413 798 sermonis
435 739 504 797 arte
526 735 758 817 eruditissimus
786 740 843 811 est,
869 740 901 796 et
917 732 1050 797 cuilibet
1071 750 1194 809 eorum,
1217 731 1270 812 qui

108 843 305 906 Socraticam
329 825 534 906 nobilitavere
559 843 702 919 domurn,
721 841 965 921 comparandus.
982 842 1037 904 1110
1058 846 1165 904 001001
1185 839 1273 904 rudis

111 968 147 1014 ac
161 954 234 1032 tyro
249 948 282 1024 in
297 947 412 1013 iisdem
426 950 521 1012 rebus
533 947 728 1012 illustrandis
740 950 894 1030 arguitur,
912 947 1024 1029 utpote
1041 949 1095 1029 qui
1112 951 1272 1011 Romanos

111 1056 348 1137 philosophiam
368 1057 489 1138 primus
512 1056 647 1120 edocere
673 1063 706 1122 et
734 1058 856 1137 ignotas
872 1056 999 1120 dicendi
1015 1058 1132 1120 formas
1157 1057 1275 1136 produ·

112 1181 187 1228 cere
214 1163 398 1228 instituerit.
427 1164 572 1228 Iambeos
595 1170 748 1246 praeterea
775 1165 908 1227 iambeis
929 1162 1029 1226 voluit
1058 1162 1273 1242 interpretari,

115 1270 220 1334 tenuis
247 1288 360 1351 magna
383 1277 525 1349 conatus,
559 1289 659 1352 quum
685 1272 809 1353 poetica
836 1272 940 1334 adhuc
965 1271 1179 1334 incunabulis
1193 1274 1277 1334 esset

114 1378 379 1457 educareturque,
406 1377 525 1440 nedum
546 1377 613 1458 jam
639 1378 771 1441 robusta
798 1378 917 1458 vigeret
948 1377 1173 1441 adolescentia.
1194 1376 1276 1450 Ouid

115 1483 223 1548 dicam
247 1485 287 1546 de
311 1484 405 1548 variis
433 1485 519 1549 inter
540 1490 708 1566 utramque
732 1483 873 1567 linguam
895 1484 1144 1562 discriminibus,
1166 1503 1237 1564 quar
1252 1484 1278 1546 si

116 1593 189 1673 quis
216 1593 356 1656 studiose
389 1593 622 1676 diligenterque
651 1594 834 1673 perspiciat,
865 1594 997 1657 alteram
1023 1592 1112 1656 alteri
1140 1593 1278 1654 multum

115 1704 269 1781 praestare
282 1698 424 1762 videbit?
443 1701 656 1772 Quamobrem
679 1700 788 1766 mirari
802 1700 983 1762 desinamus
997 1718 1069 1780 quas
1095 1716 1200 1761 causae
1214 1698 1277 1759 sint

118 1822 179 1869 cur
194 1806 313 1868 Tullius
335 1807 491 1886 interpres
508 1806 694 1887 Euripidem
716 1808 811 1888 longo
828 1813 977 1888 sequatur
988 1807 1165 1880 intervallo,
1179 1822 1279 1886 quum

119 1913 368 1992 taleincoeptum
375 1913 596 1977 incredibilem
608 1915 723 1978 habeat
733 1916 967 1978 difficultatem.
983 1915 1147 1978 Interdum
1159 1920 1278 1994 tamen,

121 2022 201 2083 dum
213 2026 343 2101 poetam
363 2021 521 2103 tragicum
545 2022 825 2103 philosophantem
839 2022 1008 2099 convertit,
1023 2023 1067 2084 ita
1079 2040 1158 2102 pura
1168 2023 1235 2103 ejus
1249 2028 1282 2085 et

121 2126 291 2209 perspicua
324 2134 372 2190 est
395 2129 509 2206 oratio,
537 2134 573 2192 ut
599 2127 646 2191 illi
672 2147 791 2207 101101,
818 2129 873 2209 qui
899 2130 1046 2209 leguntur
1063 2129 1098 2190 in
1126 2130 1283 2190 «Natura

122 2238 275 2312 Deorum,
291 2257 306 2296 0
325 2254 389 2298 000
407 2235 531 2316 indigni
551 2235 614 2322 sint
637 2237 800 2315 praestanti
823 2238 1025 2318 philosopho.
1045 2238 1131 2300 Inter
1143 2233 1205 2298 alia
1218 2255 1283 2299 non

124 2341 205 2405 mihi
229 2340 377 2422 displicet
402 2360 519 2407 nomen
534 2344 612 2406 illud
633 2364 649 2403 u
670 2347 906 2424 circumjectos»
935 2343 987 2407 cui
1008 2341 1145 2407 feliciter
1161 2343 1285 2406 accedit

125 2449 291 2532 epitheton
321 2471 338 2510 0
356 2454 447 2513 10001
462 2471 493 2514 n.
522 2451 557 2513 ld
574 2468 593 2513 a
614 2450 766 2516 Cicerone
786 2473 801 2511 0
814 2450 885 2522 ἅπαξ
905 2451 1042 2535 εἰρημένον
1057 2472 1072 2509 u
1087 2456 1213 2514 tantum
1229 2468 1286 2529 per

126 2554 371 2620 similitudinem
389 2558 550 2637 usurpavit
570 2559 605 2622 ’1.
635 2560 735 2623 Varro
762 2576 770 2622 ε
797 2558 1020 2634 nihilominus,
1048 2557 1132 2620 haud
1158 2575 1286 2638 parvam

127 2666 282 2742 adeptum
305 2664 538 2744 auctoritatem,
559 2661 647 2729 idem
670 2666 802 2731 omnino
825 2663 930 2746 periit,
957 2670 1109 2745 regnante
1130 2666 1283 2744 Augusto.

129 2770 204 2846 Sed,
221 2773 257 2832 ut
269 2770 314 2832 ait
327 2768 485 2847 Horatius,

157 3033 161 3049 Ι
238 2955 326 3012 Multa
340 2964 520 3014 renascentur
534 2959 664 3032 quaejam
675 2959 810 3026 cecidere,

134 3144 245 3207 mvixit
257 3144 447 3225 Vespasiano
468 3143 615 3226 principe
642 3167 657 3204 1
670 3146 894 3227 circumjectus
916 3170 946 3221 1,
964 3156 995 3213 01
1014 3150 1133 3212 1101001
1147 3150 1285 3228 0100011,

135 3266 309 3332 nunquam,
327 3249 386 3313 nisi
405 3251 473 3331 jam
484 3260 666 3316 senescente
681 3253 799 3334 lingua,
816 3256 986 3318 rediturus.

177 3357 324 3420 «Diritas
348 3382 364 3418 1
399 3377 525 3439 quoque
551 3363 649 3424 semel
667 3362 749 3443 apud
765 3363 952 3426 Ciceronem
980 3363 1104 3443 legitur.
1124 3365 1189 3426 Hoc
1204 3370 1291 3428 certe

137 3462 254 3524 mirum
279 3462 380 3526 videri
404 3471 517 3545 potest,
537 3472 658 3530 tantam
678 3469 780 3552 inesse
800 3470 903 3532 'fullio
919 3471 1100 3533 Graecorum
1124 3469 1290 3551 interpreti

137 3570 169 3631 in
184 3571 288 3634 verbis
303 3572 458 3652 fingendis
474 3573 650 3652 audaciam,
666 3582 885 3654 10010101010,
902 3576 928 3639 si
941 3576 1209 3641 conformationes
1223 3596 1292 3640 sen-

138 3678 309 3740 tentiarum
335 3680 549 3761 orationisque
570 3682 817 3746 consideraveris
835 3685 1000 3765 impetum,
1017 3683 1241 3747 verecundiam
1255 3702 1292 3747 ao

138 3783 353 3847 timiditatem.
375 3788 495 3866 Nempe
523 3789 607 3850 aliud
631 3791 675 3871 (ut
701 3791 803 3853 multo
824 3789 953 3854 inferius
968 3793 1000 3853 id
1017 3792 1166 3871 expedire
1181 3811 1293 3872 aggre-

139 3890 219 3969 diar)
232 3892 361 3955 dicendi
382 3911 480 3973 genus
504 3901 552 3958 est
577 3895 680 3959 Tullio
693 3904 807 3977 sponte
829 3896 993 3974 scribenti,
1009 3899 1093 3960 aliud
1110 3900 1293 3961 Graecorum

139 3997 233 4058 rerba
250 4015 288 4062 ac
309 4015 418 4061 sensus
441 4000 642 4064 transferenti
665 4003 698 4063 in
717 4003 861 4065 latinum.
880 4004 970 4066 Nunc
987 4021 1061 4066 vero
1073 4003 1194 4084 reliqua
1210 4006 1293 4084 frag-

139 4111 287 4167 mentae
318 4106 449 4168 diversis
484 4107 693 4187 scriptoribus
720 4110 787 4171 sine
822 4112 886 4172 ulla
909 4110 1144 4174 intermissione
1178 4112 1292 4174 refera-

138 4227 222 4272 mus.

1157 4382 1175 4440 5
