2790 4770
25 1861 28 1866 .
102 1798 251 1865 Primum
272 1795 423 1883 equidem
446 1794 608 1883 inquirere
635 1795 721 1864 volui
746 1806 903 1883 quantum
921 1796 1013 1862 latini
1041 1796 1214 1885 scriptores

59 1917 173 1985 Graeca
186 1910 382 2000 exemplaria
393 1911 634 1998 interpretando
647 1933 667 1977 a
683 1911 798 2000 primis
816 1912 996 1978 litterarum
1009 1912 1214 1981 incunabulis

60 2029 191 2099 divitias
208 2027 303 2117 patrii
327 2027 483 2093 sermonis
500 2028 648 2094 auxerint
668 2053 674 2092 :
694 2049 795 2116 quum
816 2049 893 2096 vero
915 2028 972 2094 illa
987 2028 1122 2095 materia
1136 2029 1216 2094 mihi

59 2150 92 2214 in
110 2150 216 2234 majus
242 2165 385 2213 crescere
403 2145 580 2233 videretur,
599 2146 680 2213 meis
696 2167 761 2212 non
787 2168 880 2234 aequa
903 2145 1046 2223 viribus,
1072 2146 1146 2212 ideo
1168 2145 1224 2228 rei

59 2261 235 2352 propositae
260 2261 341 2327 fines
366 2259 585 2348 terminosque
609 2260 773 2348 constitui,
803 2271 836 2326 et
859 2281 923 2326 uno
950 2271 1120 2327 contentus
1143 2280 1216 2326 sum

60 2382 103 2448 M.
119 2379 226 2447 Tullio
243 2378 408 2457 Cicerone,
426 2398 522 2466 quem
539 2377 617 2444 satis
633 2387 759 2445 constat
781 2375 1071 2465 locupletissimum
1088 2376 1217 2444 dicendi

61 2497 252 2582 magistrum
281 2506 312 2562 et
343 2505 505 2561 auctorem
530 2494 701 2561 exstitisse.
730 2494 820 2562 Idem
846 2491 990 2558 multae
1015 2491 1216 2580 principibus

63 2611 194 2679 Graeciae
211 2609 326 2698 poetis,
344 2608 446 2674 multa
465 2628 483 2674 e
499 2606 631 2675 Platone
652 2617 708 2673 aut
724 2604 897 2672 Aristotele
907 2605 941 2670 in
960 2605 1096 2672 latinum
1110 2617 1215 2673 trans-

61 2729 158 2794 tulit:
178 2745 280 2814 eoque
299 2727 469 2812 justiorem
489 2725 577 2812 apud
601 2745 660 2791 nos
683 2724 821 2810 gratiam
847 2732 1018 2790 consecuta
1044 2733 1119 2789 sunt
1145 2724 1213 2790 haec

61 2842 242 2931 praesertim
265 2845 308 2911 M.
333 2842 429 2910 Tullii
458 2843 649 2928 fragmenta,
681 2843 769 2930 quod
792 2841 918 2907 nullum
943 2840 1032 2906 aliud
1054 2842 1213 2928 ejusmodi

62 2968 305 3025 monumentum
320 2956 545 3025 florentissima
563 2956 698 3023 Caesaris
713 2955 850 3042 Augusti
866 2965 943 3021 aetas
958 2957 1138 3043 posteritati
1150 2968 1216 3024 tra·

39 3085 44 3095 ·
63 3074 154 3140 didit.
173 3073 389 3154 Quamobrem
405 3093 510 3161 operae
522 3074 662 3160 pretium
674 3082 723 3138 est
737 3073 931 3160 perspicere,
946 3072 1116 3158 diligenter
1126 3094 1214 3142 corn-

61 3188 184 3276 paratis
193 3188 363 3276 utriusque
374 3188 495 3273 linguae
506 3187 595 3267 locis,
612 3188 691 3274 quid
706 3187 817 3254 Cicero
832 3199 928 3276 poeta
937 3199 993 3254 aut
1001 3188 1215 3276 philosophus

62 3303 317 3392 interpretationi
340 3304 523 3372 Graecorum
547 3303 706 3382 debuerit,
729 3313 760 3370 et
780 3283 899 3391 quibus
922 3306 1121 3390 argumentis
1138 3327 1215 3394 pro-

66 3419 132 3485 tari
153 3431 251 3507 queat
271 3436 307 3486 ut
329 3420 384 3486 ille
411 3441 530 3486 novum
554 3440 732 3488 sermonem
762 3421 804 3486 ad
829 3420 1065 3508 philosophiam
1089 3422 1216 3491 finxerit

63 3535 299 3602 illustrandam.
321 3537 368 3602 Ne
382 3536 482 3602 lector
492 3545 538 3601 tot
550 3534 633 3622 loca,
644 3546 692 3601 tot
705 3534 804 3602 verba
819 3555 877 3622 per
890 3535 996 3603 varios
1006 3537 1216 3606 disseminata

63 3652 164 3719 libros
184 3652 357 3739 quaerendo
381 3651 482 3718 otium
501 3651 619 3718 frustra
636 3663 850 3728 consumeret,
875 3672 935 3736 ego
959 3672 1071 3719 omnes
1086 3655 1216 3722 Cicero-

63 3771 169 3837 nianae
182 3769 401 3836 translationis
418 3769 573 3859 reliquias
589 3770 622 3834 in
640 3770 701 3835 hoc
716 3769 873 3857 opusculo
894 3770 1009 3856 collegi
1031 3795 1038 3836 ε
1061 3772 1216 3858 quinimo

63 3887 227 3956 commodi
248 3887 352 3974 gratia
370 3907 494 3965 eorum,
518 3885 636 3974 quibus
658 3887 698 3952 de
718 3885 940 3975 pernoscenda
954 3895 1091 3974 utraque
1104 3887 1215 3975 lingua

62 4026 150 4072 curae
165 4002 240 4081 erit,
256 4003 395 4068 indicem
413 4003 516 4092 adjeci
538 4023 642 4090 graeco
650 4002 800 4069 -latinum
817 4028 823 4068 :
843 4003 964 4091 quippe
978 4003 1034 4091 qui
1052 4025 1112 4091 pro
1133 4005 1219 4072 certo

63 4119 218 4185 haberem
233 4119 321 4184 haud
336 4119 431 4185 multi
443 4139 514 4186 esse
528 4119 681 4186 momenti
693 4139 781 4185 meas
797 4119 1044 4205 disputationes,
1060 4121 1221 4188 neminem

63 4246 175 4302 autem
199 4234 246 4300 ita
267 4233 485 4321 negligentem
507 4236 542 4301 in
569 4237 778 4321 grammatica
801 4255 896 4323 posse
915 4235 1047 4323 reperiri
1074 4237 1129 4324 qui
1160 4257 1227 4302 non

895 4354 901 4364 ’
1077 4357 1096 4416 l
