2790 4770
506 289 740 378 ¹-3oe-

60 443 267 511 tribuendum
296 457 355 514 est.
381 450 450 527 Qui,
470 468 568 529 quum
590 451 775 513 Graecorum
795 448 933 528 vestigiis
946 446 1114 517 insisteret,
1127 458 1215 503 sum-

12 534 15 539 ’
61 538 130 605 m'os
146 542 216 608 illos
230 554 375 612 auctores
400 549 492 628 quasi
504 549 552 609 sui
571 547 652 628 juris
664 548 753 623 fecit,
769 552 811 624 et,
827 552 997 628 postquam
1012 560 1092 604 nova
1105 539 1212 614 rerba,

10 738 12 745 Ι
60 668 155 714 novas
170 658 339 719 sententias
354 659 465 721 amicis
480 663 512 720 et
525 656 636 738 patriae
652 658 803 735 dedisset,
822 656 909 717 idem
924 653 978 715 ille
992 668 1103 714 eorum
1119 666 1219 712 aemu-

10 752 17 825 2·
61 760 143 824 lator
156 764 260 827 adhuc
276 765 471 846 incognitam
484 767 700 846 cognitionem
721 765 965 843 doctrinamque
979 777 1086 824 rerum
1100 758 1219 822 cousti-

15 882 22 941 ··;
59 869 131 932 tuit.
150 872 293 942 Quadam
321 881 412 954 parte
437 894 516 954 opus
535 877 613 937 illud
639 893 706 938 esse
733 874 969 954 imperfectum,
991 876 1022 935 et
1048 870 1162 952 quibus
1177 871 1217 931 de

61 973 164 1034 causis
176 975 209 1036 id
220 974 288 1038 fieri
301 996 428 1041 necesse
442 981 548 1057 luerit,
566 982 734 1043 ostendere
756 978 885 1042 tentavi.
910 977 1067 1057 Equidem
1081 991 1146 1035 non
1161 974 1218 1034 du·

20 1160 25 1169 Ι
61 1079 130 1141 bito
141 1083 218 1161 quin
233 1084 279 1144 illi
290 1086 510 1148 Demosthenis
519 1087 686 1167 interpreti
700 1103 751 1147 res
765 1087 865 1146 multo
879 1083 992 1146 melius
1006 1079 1195 1161 processerit
1209 1097 1217 1141 z

10 1238 15 1276 ἶ
60 1187 145 1250 adid
161 1208 240 1269 opus
254 1178 492 1273 suscipiendum
507 1201 684 1258 accesserat
696 1196 763 1274 jam
780 1211 912 1272 magnus
929 1196 1045 1265 orator,
1066 1189 1155 1269 cujus
1170 1185 1219 1250 vel

10 1376 13 1385 Ι
60 1294 168 1375 prIma
182 1303 257 1364 atas
272 1299 319 1380 (ut
340 1301 408 1380 ipsc
425 1301 485 1381 ait)
501 1303 609 1364 dedita
623 1302 800 1381 disciplinis
817 1301 877 1361 luit
892 1300 996 1379 iisque
1011 1295 1131 1359 artibus
1147 1293 1220 1374 qui-

10 1394 13 1401 ’
59 1401 121 1465 bus
144 1404 185 1464 ad
202 1423 294 1467 usum
319 1408 478 1470 forensem
504 1409 634 1470 omnino
659 1414 726 1496 erat
754 1404 937 1471 instructus
963 1411 1073 1487 Neque
1089 1402 1220 1468 enimin

59 1511 175 1585 verbis,
194 1531 296 1594 neque
310 1516 342 1576 in
365 1517 510 1578 sensibus
526 1517 590 1577 ulla
605 1516 747 1578 Ciceroni
768 1516 872 1578 inesse
888 1520 1014 1595 poterat
1028 1513 1216 1576 obscuritas.

59 1619 138 1682 ldeu
158 1623 248 1684 trater
263 1624 461 1686 desiderando
477 1631 521 1687 cst
537 1625 640 1687 tettae
653 1625 800 1686 creationis
817 1644 873 1703 pro
893 1643 1002 1686 curcua
1024 1625 1155 1692 omissio,
1182 1638 1219 1682 eo

59 1730 164 1809 magis
174 1734 260 1811 quod
276 1733 428 1812 primum,
445 1739 480 1797 ut
495 1739 585 1814 puto,
599 1735 655 1796 illa
668 1737 771 1796 certos
787 1734 945 1813 posuisset
960 1735 1038 1794 fines
1049 1732 1132 1794 intra
1142 1711 1222 1811 quos

53 1835 144 1915 justa
161 1839 194 1899 in
208 1840 434 1902 transferendis
444 1840 793 1921 Graecorumoporibus
808 1840 889 1904 ratio
904 1840 1078 1903 consistere
1095 1837 1222 1915 debeat;

60 1944 154 2022 quod⁴
164 1942 280 2007 deinde
295 1931 465 2023 maximam
481 1946 663 2011 indicendo
678 1949 874 2025 facultatem,
893 1964 989 2027 quam
1003 1947 1041 2008 de
1057 1960 1150 2007 causa
1167 1960 1222 2004 ea-

61 2055 137 2117 dem
151 2051 325 2117 obtinenda
338 2057 556 2133 praestiterunt
571 2057 634 2119 duo
655 2057 739 2119 inter
753 2057 901 2136 antiquos
916 2055 1053 2116 maxime
1069 2053 1222 2131 eloquen-

59 2170 110 2228 tes
128 2162 199 2239 viri,
227 2164 318 2225 nobis
344 2164 509 2243 percipere
538 2165 734 2245 contigisset.
768 2186 782 2223 u
796 2165 876 2237 Quid
900 2182 964 2225 non
987 2161 1149 2224 imminuit
1168 2163 1222 2221 aut

60 2250 149 2333 delet
161 2270 257 2331 aetas?
269 2291 283 2328 n
300 2271 431 2349 -Ergo
451 2268 606 2349 reliquiis,
624 2270 748 2349 quasin
767 2269 912 2331 ordinem
928 2266 1055 2348 digessi,
1081 2264 1222 2328 conteuti

60 2378 174 2440 simus.
187 2379 265 2439 Nam
283 2396 321 2440 ex
336 2378 397 2461 illis
411 2377 614 2458 perspicuum
625 2385 673 2440 est
683 2396 746 2458 qua
761 2378 884 2440 ratione
893 2395 1072 2439 sermonem
1081 2377 1221 2457 patrium

58 2485 182 2548 'l'ullius
194 2485 273 2548 adeo
289 2486 444 2548 ditaverit.
464 2487 544 2549 Satis
556 2486 729 2549 habeamus
743 2486 829 2565 quod
848 2486 940 2549 illum
955 2485 1096 2566 linguam
1109 2485 1219 2547 Philo-

60 2590 185 2673 sophiae
207 2592 536 2655 i‘doneam'novavisse
558 2599 691 2670 constet,
714 2594 812 2672 idque
829 2594 897 2657 fieri
912 2611 976 2655 nou
990 2593 1145 2672 potuisse,
1159 2593 1220 2656 nisi
1291 2594 1294 2598 ’

60 2700 109 2758 tot
120 2696 217 2759 verba
230 2702 262 2759 et
276 2716 384 2760 sensus
399 2718 417 2760 a
439 2701 555 2763 Graecis
570 2706 733 2763 mutuatus
749 2705 842 2764 esset.
860 2704 967 2780 ltaque
983 2718 1046 2762 uon
1061 2702 1164 2763 solum
1181 2703 1220 2762 de

59 2802 205 2889 uersibus
219 2805 382 2883 faciendis,
400 2809 454 2869 scd
475 2810 514 2870 de
528 2809 616 2870 omni
633 2808 729 2870 etiam
743 2808 935 2870 Litterarum
956 2825 1071 2886 genere
1091 2808 1220 2871 dixisset

59 2913 231 2974 commode
246 2918 365 2993 poeta:
1195 2923 1197 2928 ·

538 3084 594 3140 Vos
608 3082 774 3156 exemplaria
789 3083 885 3141 Graeca

238 3175 381 3230 Nocturna
394 3174 500 3231 versate
513 3189 609 3245 mauri,
623 3181 730 3230 versate
744 3172 854 3230 diurna.

57 3306 64 3318 ⁸
97 3334 242 3412 Lepide,
258 3337 364 3412 credo,
390 3336 556 3417 adjecisset
581 3355 589 3400 :
616 3359 631 3396 u
648 3341 777 3399 uertite!
794 3359 807 3396 n
829 3336 911 3409 Quid
929 3336 1015 3397 onim
1028 3333 1139 3396 utilius
1154 3343 1221 3399 erat

18 3422 33 3465 7
55 3440 108 3517 iis,
124 3440 180 3520 qui
203 3442 300 3506 latine
321 3443 412 3526 loqui
438 3446 561 3508 discere
585 3463 623 3509 eo
645 3451 790 3524 tempore
808 3445 967 3522 volebant,
984 3461 1079 3524 quam
1093 3445 1218 3506 Graecos

10 3538 12 3573 ³
55 3549 198 3612 vertere?

12 3698 17 3703 -
96 3652 161 3715 Sed
189 3654 228 3715 de
257 3656 298 3716 Μ.
326 3657 430 3718 Tullio
456 3659 639 3721 Graecorum
668 3659 842 3738 interprete
865 3656 941 3720 satis
962 3673 1123 3737 superque
1138 3656 1214 3718 dixi.

56 3758 151 3820 Nunc
166 3767 391 3838 argumentum
413 3764 651 3826 concludamus.
