2790 4770
595 295 861 393 '..272..

187 478 244 539 pro
264 461 377 520 eodem
393 461 489 524 dicit:
506 464 559 524 uhi
573 464 643 526 haec
656 464 699 528 ait
714 485 720 526 :
735 488 751 524 ι
765 467 827 527 Sed
842 465 995 544 Epicurus
1012 463 1230 527 declinatione
1246 466 1347 527 atomi

189 566 280 630 vitari
295 568 350 629 lati
364 571 583 633 necessitatem
597 577 697 652 putat.
715 575 825 651 Itaque
840 572 951 634 tertius
971 570 1103 651 quidam
1119 577 1228 634 motus
1243 574 1349 635 oritur

190 679 278 736 extra
295 687 297 691 ·
303 675 426 751 pondus
449 680 479 737 et
506 679 639 756 plagam,
670 697 768 756 quum
790 680 930 740 declinat
948 676 1073 741 atomus
1098 680 1266 741 intervallo
1292 684 1350 741 mi-

188 786 279 844 nimo.
293 785 327 847 Id
338 785 476 865 appellat
489 783 661 862 Ἰἰλόγιστον
674 787 773 857 Quam
791 785 1024 847 declinationem
1035 786 1102 848 sine
1119 805 1213 849 causa
1229 785 1312 862 fieri,
1323 788 1347 849 si

190 891 295 954 minus
316 893 429 967 verbiS,
457 910 490 975 re
513 892 636 971 cogitur
661 891 817 954 confiteri.
841 894 909 953 Nou
929 893 1015 953 enim
1030 897 1155 955 atomus
1173 894 1213 955 ab
1237 899 1348 958 atomo

128 1003 130 1007 '
193 1000 284 1077 pulsa
297 1000 444 1061 declinat.
461 1001 539 1058 Nam
564 999 619 1076 qui
633 1004 739 1076 potest
763 998 838 1077 pelli
852 999 914 1059 alia
937 999 976 1060 ah
996 999 1066 1071 alia,
1088 1001 1114 1060 si
1130 1001 1286 1079 gravitate
1307 1001 1350 1062 ie·

194 1112 308 1169 ruutur
336 1108 374 1167 ad
404 1106 666 1185 perpendiculum
691 1124 825 1185 corpora
848 1104 1024 1182 individua,
1052 1091 1148 1169 rectis
1174 1106 1287 1184 lineis,
1315 1113 1350 1169 ut

194 1215 332 1293 Epicuro
356 1214 510 1299 placella
531 1247 572 1258 -
597 1215 720 1292 Reliqui
747 1214 810 1276 duo
837 1220 953 1289 anates,
979 1233 1117 1294 quorum
1140 1215 1349 1277 Cicero‘me·

193 1321 301 1396 minii,
326 1323 433 1383 Graece
457 1320 606 1383 dicuntur
621 1318 744 1392 Κινήσεις
764 1320 832 1379 κατὰ
856 1320 1033 1402 Παρέγκλισιν
1051 1320 1095 1382 καὶ
1122 1319 1193 1380 κατὰ
1220 1321 1347 1402 Πληγήν.

192 1427 242 1506 (Η.
256 1426 379 1506 Steph.)

234 1537 362 1615 Itidem,
387 1553 455 1614 cap.
482 1539 519 1596 lc
539 1556 545 1597 :
562 1570 602 1582 -
621 1558 635 1596 ιι
652 1537 714 1599 Neo
729 1555 788 1598 nos
802 1522 956 1615 impediet
975 1539 1033 1598 itta
1049 1540 1163 1616 iancea
1178 1537 1263 1598 ratio
1280 1554 1350 1616 quae

195 1645 321 1706 dicitur.
348 1645 533 1722 Appellatur
551 1645 635 1705 enirn
653 1644 783 1724 quidam
798 1664 815 1706 a
830 1645 1028 1725 philosophis
1043 1644 1133 1726 Ἄργός
1146 1643 1234 1723 λόγος,
1261 1645 1313 1706 cui
1325 1643 1351 1704 si

195 1770 370 1832 pareamus,
392 1751 619 1814 nihilomnino
647 1770 776 1832 agamus
798 1753 831 1812 in
855 1753 927 1815 vita.
946 1733 998 1814 Sic
1018 1752 1103 1814 enirn
1125 1752 1349 1831 interrogant:

201 1885 216 1920 ιι
239 1863 272 1924 Si
294 1863 394 1922 iatum
411 1861 469 1922 tibi
483 1866 539 1934 est,
556 1878 592 1921 ex
615 1860 677 1922 hoc
699 1859 811 1922 morbo
837 1861 1074 1937 convalescere3
1095 1859 1166 1920 sive
1187 1860 1351 1921 medicum

197 1968 388 2043 adhibueris,
409 1969 471 2029 sire
486 1985 560 2043 non,
573 1969 783 2043 convalesces,
802 1973 863 2029 etc.
879 1990 894 2026 ν
913 2001 952 2013 -
969 1967 1064 2027 Paulo
1079 1970 1153 2044 post
1175 1965 1261 2046 (cap.
1275 1968 1323 2044 13)
1340 1986 1348 2030 :
1383 2005 1386 2012 ·

199 2099 213 2137 ιι
223 2080 320 2140 Recte
336 2097 430 2154 penas
453 2079 505 2138 troc
519 2081 760 2155 interroqationis
784 2081 926 2155 ipnannnt
945 2085 1033 2158 atqne
1050 2082 1132 2139 iners
1146 2075 1350 2140 nominatum

197 2190 254 2258 est,
272 2183 357 2263 quod
374 2183 485 2245 eadem
503 2183 625 2244 ratione
641 2183 744 2244 omnis
761 2201 777 2244 e
792 2184 855 2244 vita
874 2183 1004 2245 tolletur
1022 2183 1146 2245 actio.»
1369 2173 1370 2176 ’

236 2290 372 2351 Observa
385 2289 438 2352 hic
453 2294 487 2350 ut
503 2290 611 2351 Cicero
632 2306 741 2350 vocem
757 2288 854 2366 Λόγον,
870 2306 965 2368 quam
981 2288 1209 2368 interpretatus
1222 2295 1292 2351 erat
1303 2305 1351 2349 ra·

195 2399 314 2472 tionem,
344 2394 494 2456 continuo
517 2398 873 2474 postiaterropationem
897 2393 1047 2473 appellet.
1075 2383 1164 2455 ldem
1188 2394 1349 2473 aliquanto

196 2506 269 2580 post
297 2521 402 2563 rursus
425 2507 571 2563 rationem
596 2521 654 2580 pro
681 2495 905 2563 ratiocinatione
923 2503 968 2579 (ut
986 2502 1086 2564 Stoici
1112 2502 1200 2581 Λόγον
1222 2503 1283 2564 ἀντὶ
1307 2506 1350 2562 τοῦ

195 2608 384 2690 συλλογισμοῦ)
398 2615 542 2688 usurpat;
560 2627 658 2688 quum
671 2609 715 2670 ait
729 2607 810 2687 (cap.
827 2607 896 2687 l8):
911 2611 1040 2688 «ltaque
1051 2610 1098 2671 illi
1109 2610 1240 2686 rationi,
1256 2628 1349 2691 quam

199 2725 293 2804 paulo
312 2728 384 2783 ante
402 2719 553 2793 conclusi,
575 2718 620 2778 sic
641 2717 781 2779 occurrit
801 2737 808 2777 :
827 2718 859 2778 si
880 2717 989 2779 omnia
1006 2718 1071 2780 lato
1097 2719 1187 2792 fiant,
1204 2719 1296 2799 sequi
1313 2719 1349 2778 il·

197 2833 251 2892 lud
269 2829 409 2910 quidem,
430 2833 464 2888 ut
478 2825 585 2886 omnia
605 2824 706 2886 causis
722 2825 797 2885 fiant
809 2828 989 2902 antepositis
997 2844 1012 2899 ‚·
1027 2842 1140 2887 verum
1157 2843 1224 2888 non
1237 2827 1350 2904 prinei-

193 2941 314 3019 palibas
329 2942 361 2998 et
368 2934 522 3016 perfectis,
538 2933 591 2993 sed
608 2931 823 3010 adjuvantibus
837 2937 869 2993 et
881 2936 1039 3011 proximis.
1057 2953 1073 2990 r
1105 2966 1107 2975 ·

234 3047 296 3109 Sed
309 3050 461 3123 praeterea
478 3042 511 3101 in
532 3041 593 3101 hoc
608 3044 768 3119 postremo
792 3041 864 3122 loco
889 3040 1020 3103 observa
1035 3059 1146 3103 causas
1166 3046 1349 3121 antepositas

195 3154 375 3215 aCicerone
401 3149 516 3222 vocari,
546 3165 622 3225 quas
641 3148 727 3224 prius
751 3147 953 3208 antecedentes
968 3153 999 3209 et
1013 3153 1202 3227 antepressas
1220 3149 1346 3222 dixerit,

96 3305 97 3308 ,
196 3258 389 3340 Προηγούμενοι
404 3253 687 3334 νέ111ροκοιιοιρκιικὰ
703 3252 783 3314 αἴτιοι.
794 3255 978 3332 Quanquam
990 3273 1054 3316 non
1068 3259 1134 3316 tam
1147 3254 1245 3333 hujus
1258 3272 1349 3335 quam

195 3369 280 3429 illius
294 3364 379 3428 vocis
393 3364 438 3425 vis
457 3363 544 3424 hisce
565 3361 666 3422 verbis
685 3362 804 3422 Latinis
820 3357 1017 3441 exprimitur.
1033 3364 1226 3443 Principntes
1245 3371 1349 3425 autem

81 3503 82 3506 ¹
196 3483 227 3539 et
236 3477 400 3554 perfectas,
420 3471 506 3553 Κύριοι
522 3469 567 3528 aad
584 3471 728 3539 λόιοτελῆ.
743 3469 928 3549 deponentes
948 3487 1064 3546 canses,
1084 3470 1228 3533 Σοναίτια.
1248 3473 1353 3533 Proni-

195 3604 259 3645 mas
278 3600 393 3657 causas,
416 3582 540 3661 Προσεγῆ
565 3575 645 3635 αἴτια.
662 3580 762 3638 Antea
784 3577 880 3638 etiam
895 3583 1059 3639 vocaverat
1079 3580 1258 3640 naturalem
1285 3597 1351 3640 care·

194 3712 270 3767 sam,
286 3690 375 3750 Αἴτιον
392 3686 511 3770 φυσικόν.

234 3800 369 3871 Ibidem,
388 3796 549 3873 aliquanto
564 3793 752 3854 antelocum
774 3792 917 3869 proxime
937 3791 1069 3855 citatum
1086 3791 1170 3871 (cap.
1186 3791 1237 3874 13)
1259 3812 1267 3855 :
1285 3815 1299 3851 ιι
1312 3797 1352 3855 At

194 3907 218 3968 si
234 3907 277 3967 ita
294 3905 393 3964 iatum
409 3902 459 3976 sit,
487 3922 500 3956 ιι
521 3905 667 3961 nascetur
682 3898 819 3976 OEdipus
833 3900 906 3961 Laio
914 3921 929 3957 ν
935 3917 945 3978 ;
968 3918 1032 3961 non
1051 3899 1173 3980 poterit
1186 3900 1266 3976 dici,
1285 3901 1348 3961 sive

192 4015 288 4077 luerit
312 4010 402 4073 Laius
429 4027 502 4071 cum
526 4008 669 4081 muliere,
687 4007 750 4068 siro
765 4025 828 4067 non
846 4007 941 4069 luerit
954 4026 961 4084 ;
975 4008 1122 4087 copulata
1138 4007 1227 4068 enim
1240 4025 1291 4069 res
1307 4012 1348 4069 est

192 4130 223 4186 ct
238 4119 424 4200 conlatatis:
452 4118 497 4177 sic
515 4117 600 4177 enim
626 4115 765 4192 appellat
789 4112 868 4194 (suh.
890 4114 1136 4195 Chrysippus)...
1153 4137 1167 4173 n

229 4232 325 4292 Paulo
341 4231 412 4306 post
429 4244 488 4285 ε-
501 4247 515 4283 ιι
530 4227 607 4284 Tam
621 4221 706 4283 enim
720 4228 766 4282 est
782 4221 885 4295 letale,
908 4223 1069 4283 medicum
1085 4221 1242 4286 adhibere
1256 4240 1347 4304 quam

188 4337 418 4403 convalescere.
435 4334 521 4405 Haec,
539 4337 575 4392 ut
589 4327 665 4404 dixi,
680 4329 847 4406 corifatatia
861 4329 915 4391 ille
928 4317 1076 4410 appellat.
1092 4351 1107 4387 ν
