2790 4770
635 254 831 319 -134-

155 401 259 471 ταύτὰ
287 406 358 498 Ἰίχον
388 397 664 504 δεδημιούργηται.
685 396 826 478 ΙΤοιίτων
861 401 897 476 δὲ
925 406 1127 502 ὑπαρχόντων
1158 400 1196 471 αὖ
1224 406 1312 470 πάσα

155 530 271 626 ἀνάγκη
293 523 384 600 τόνδε
404 533 458 600 τὸν
478 534 593 628 κόσμον
616 535 718 606 εἰκόνα
743 536 825 613 τινὸς
844 529 931 603 εἶναι.
951 534 1109 628 Μέγιστον
1129 521 1168 607 δὴ
1192 528 1312 606 παντὸς

155 650 304 750 ἄρξασθαι
319 654 401 725 κατὰ
418 659 505 750 ρόσιν
522 660 635 753 ἀρχόν·
654 654 716 731 ὦδε
732 658 782 730 οὖν
798 659 868 755 περί
895 685 930 728 τε
948 658 1062 737 εἰκόνος
1081 655 1134 724 καὶ
1160 655 1227 749 περὶ
1256 663 1312 722 τοῦ

153 776 408 879 παραδείγματος
427 788 524 863 αὐτῆς
546 777 733 882 διοριστέον,

207 909 268 975 ΙΙΙ.
298 913 339 986 ὡς
355 903 415 1002 ἀρα
433 908 505 988 τοὺς
523 908 645 1002 λόγους,
666 907 764 1004 ὧνπερ
788 909 859 977 εἰσὶν
882 901 1043 1005 ἐξηγηταὶ,
1064 908 1184 976 τούτων
1209 909 1312 974 αὐτῶν

155 1031 207 1100 καὶ
226 1026 377 1129 ξυγγενεῖς
396 1033 502 1111 όντας·
524 1045 580 1102 τοῦ
597 1036 651 1128 μὲν
668 1031 719 1103 οὖν
735 1032 864 1127 μονίμου
880 1033 931 1102 καὶ
952 1028 1078 1121 βεόαίου
1093 1030 1146 1101 καὶ
1165 1025 1247 1124 μετά
1259 1041 1313 1099 νοῢ

154 1167 348 1247 καταφανοῦς
373 1157 516 1249 μονίμους
531 1158 582 1225 καὶ
600 1158 856 1251 ἀμεταπτώτους,
875 1159 944 1226 καθ’
968 1159 1040 1225 όσον
1062 1182 1096 1225 τε
1118 1156 1314 1250 ἀνελέγκτως

154 1285 301 1374 προσόκει
319 1283 424 1377 λόγοις
443 1278 517 1350 εἶναι
538 1282 589 1350 καὶ
615 1283 783 1371 ἀκινήτοις,
803 1285 918 1352 τούτου
940 1276 989 1352 δεῖ
1016 1274 1111 1376 μηδὲν
1136 1280 1312 1350 ἐλλείπειν·

154 1407 227 1484 τοὺς
241 1399 277 1473 δὲ
297 1417 350 1474 τοῦ
369 1408 444 1502 πρὸς
460 1408 513 1500 μὲν
529 1411 622 1476 ἐκεῖνο
638 1409 890 1494 ἀπεικασθέντος,
909 1408 994 1487 όντος
1011 1400 1047 1476 δὲ
1062 1406 1177 1486 εἰκόνος
1193 1405 1314 1484 εἰκότας

158 1528 217 1597 ἀνὰ
234 1532 327 1626 λόγον
349 1557 382 1600 τε
402 1532 520 1600 ἐκείνων
551 1532 660 1613 όντας·
689 1536 737 1601 ότι
758 1559 813 1629 περ
840 1537 916 1626 πρὸς
935 1520 1059 1628 ’γένεσιν
1088 1531 1185 1615 οἰσία,
1217 1541 1314 1600 τοῦτο

157 1658 232 1749 πρὸς
255 1656 359 1724 πίστιν
387 1658 522 1735 ἀληθεια.
550 1644 613 1725 Eam
634 1656 685 1728 οὖν
703 1649 743 1752 (ὦ
759 1646 936 1752 Σώκρατες)
954 1658 1056 1728 πολλὰ
1070 1664 1192 1727 πολλῶν
1210 1655 1316 1727 εἰπόν-

157 1809 217 1849 των
232 1780 300 1875 περὶ
318 1782 392 1850 θεῶν
407 1786 458 1850 καὶ
473 1794 528 1862 τῆς
549 1795 604 1852 τοῦ
624 1787 739 1864 παντὸς
759 1786 901 1880 γενέσεως
920 1787 961 1879 μὴ
985 1778 1115 1852 δυνατοὶ
1137 1784 1316 1879 γιγνώμεθα

159 1908 261 1981 πάντη
283 1903 407 1985 πάντως
422 1909 532 1988 αὐτοὺς
552 1912 672 1987 ἑαυτοῖς
690 1913 952 2003 ὁμολογουμένους
973 1910 1086 2004 λόγους
1107 1909 1159 1976 καὶ
1180 1909 1318 1999 ἀπηκρι·

160 2032 315 2127 όωμένους
336 2024 517 2117 ἀποδοῦναι,
536 2037 577 2126 μή
605 2032 785 2130 θαυμάσρς·
816 2035 886 2102 ἀλλ’
908 2033 959 2102 ἐὰν
979 2031 1039 2129 ἀρα
1067 2025 1198 2127 μηδενὸς
1219 2030 1317 2108 ἦττον

160 2160 366 2258 παρεχόμεθα
387 2159 521 2243 εἰκότας,
547 2160 670 2255 ἀγαπᾷν
691 2167 763 2256 χρὴ,
790 2164 1013 2256 μεμνημένους,
1034 2165 1075 2240 ὡς
1100 2165 1116 2228 ό
1137 2162 1237 2254 λέγων
1254 2162 1317 2255 ἐγὼ

160 2292 243 2379 ὑμεῖς
262 2311 295 2352 τε
314 2284 341 2352 οἰ
360 2285 462 2379 κριταὶ
481 2287 568 2378 ρόσιν
588 2285 777 2379 ἀνθρωπίνην
797 2288 927 2379 ἔχομεν·
948 2290 1026 2354 ὥστε
1038 2283 1107 2380 περὶ
1121 2286 1240 2352 τούτων
1259 2285 1316 2352 τὸν

161 2411 267 2481 εἰκότα
286 2408 378 2501 μῦθον
399 2401 645 2504 ἀποδεχομένους
660 2412 769 2504 πρέπει
788 2412 901 2480 τούτου
922 2400 1019 2504 μηδὲν
1037 2412 1085 2479 ἔτι
1105 2411 1183 2500 πέρα
1197 2403 1315 2489 ζητεῖν.

217 2664 362 2758 Λέγωμεν
384 2652 436 2744 δὴ,
459 2652 499 2727 δι’
520 2665 629 2736 ἥντινα
658 2660 759 2730 αἰτίαν
779 2666 894 2757 γένεσιν
916 2658 1023 2732 καὶτὸ
1050 2666 1112 2729 πᾶν
1131 2650 1207 2728 τόδε
1226 2665 1242 2727 ό
1264 2652 1282 2739 ξ
1301 2693 1318 2708 ·

162 2789 267 2868 νιστάς
287 2781 477 2866 ξυνέστησεν.
495 2773 618 2878 Ᾰγαθὸς
632 2781 681 2872 ἦν,
697 2786 802 2881 ἀγαθῷ
817 2779 854 2854 δὲ
870 2780 969 2867 οὐδεὶς
991 2785 1058 2881 περὶ
1079 2776 1203 2862 οὐδενὸς
1225 2776 1318 2853 οὐδέ-

162 2943 239 2986 ποτε
264 2914 435 3009 ἐγγίγνεται
457 2912 584 3005 ρθόνος·
607 2913 721 2980 τούτου
746 2904 775 2977 δ’
801 2915 888 2992 ἐκτὸς
911 2911 950 2979 ὢν
977 2912 1084 2980 πάντα
1109 2913 1158 2977 ότι
1176 2908 1319 3004 μαλιστα

162 3041 301 3138 γενέσθαι
323 3033 471 3112 ε’όουληθη
501 3041 704 3128 παραπλήσια
727 3043 838 3128 ἑαυτῷ.
867 3041 991 3113 Ταύτην
1025 3029 1064 3114 δὴ
1091 3038 1234 3132 γενέσεως
1264 3035 1318 3103 καὶ

162 3169 280 3258 κόσμου
307 3164 432 3256 μάλιστ’
455 3159 491 3228 ἀν
515 3188 560 3240 τις
583 3163 679 3253 ἀρχὴν
703 3164 895 3259 κυριωτάτην
918 3165 991 3257 παρ’
1018 3153 1137 3257 ἀνδρῶν
1162 3160 1316 3254 φρονίμων

161 3283 391 3383 ἀποδεχόμενος
408 3287 562 3380 ὀρθότατα
576 3279 756 3380 ἀποδέχοιτ’
771 3285 819 3354 ἀν.
836 3288 997 3365 Βουληθεὶς
1015 3285 1074 3382 γὰρ
1092 3291 1108 3354 ό
1127 3286 1194 3365 θεὸς
1213 3283 1318 3378 ἀγαθά

160 3417 213 3512 μὲν
234 3415 351 3499 πάντα,
370 3419 504 3506 φλαῦρον
530 3400 567 3478 δέ
587 3405 681 3504 μηδὲν
704 3408 778 3479 εἰναι
807 3409 890 3479 κατὰ
918 3403 1059 3505 δύναμιν,
1073 3413 1169 3478 ὀὕτω
1196 3401 1235 3484 δὴ
1256 3414 1318 3478 πάν

161 3547 230 3610 ὅσον
261 3536 297 3612 ἦν
328 3538 434 3632 ὁρατὸν
461 3531 650 3630 παραλαόὼν
670 3541 728 3630 οὐχ
754 3537 882 3630 ἡσυχίαν
911 3531 999 3630 ἀγον,
1029 3532 1111 3603 ἀλλὰ
1142 3535 1320 3625 κινοόμενον

160 3671 347 3760 πλημμελῶς
374 3663 424 3729 καὶ
444 3662 599 3748 ἀτάκτως,
619 3662 659 3742 εἰς
684 3657 770 3741 τάξιν
797 3664 873 3730 αὐτὸ
894 3662 1007 3757 ἤγαγεν
1035 3664 1071 3728 ἐκ
1089 3671 1144 3738 τῆς
1170 3652 1320 3746 ἀταξίας,

159 3789 350 3887 ἡγησάμενος
368 3790 460 3852 ἐκεῖνο
477 3789 590 3852 τούτου
620 3785 743 3864 πάντως
764 3783 896 3876 ἀμεινον.
926 3787 1023 3876 Θέμις
1047 3775 1077 3849 δ’
1103 3783 1169 3850 οὔτ’
1196 3778 1233 3855 ἦν
1255 3764 1323 3848 οὔτ’

158 3921 230 3987 ἔστι
265 3925 289 4002 ῷ
315 3910 431 4002 ἀρίστῳ
455 3900 530 4001 δρρῖν
556 3905 633 3976 ἀλλο
659 3916 739 3986 πλὴν
761 3908 798 3977 τό
825 3909 1005 3976 κάλλιστον.
1030 3905 1242 4001 Λογισάμενος
1269 3903 1321 3974 οὖν

159 4047 292 4134 εὕρισκεν
309 4039 342 4102 ἐκ
356 4046 417 4101 τῶν
429 4033 513 4102 κατὰ
528 4038 615 4125 ρόσιν
631 4040 751 4128 ὁρατῶν
772 4027 859 4101 οὐδὲν
879 4034 1009 4108 ἀνόητον
1032 4039 1089 4099 τοῦ
1107 4039 1175 4098 νοῦν
1194 4029 1322 4123 ἔχοντος

157 4172 228 4235 ὁλον
243 4168 315 4231 ὁλου
332 4158 457 4231 κάλλιον
474 4158 595 4226 ἔσεσθαί
616 4185 694 4226 ποτε
712 4161 812 4253 ἔργον,
832 4169 900 4226 νοῦν
915 4150 945 4224 δ’
966 4153 1003 4223 αὖ
1017 4155 1110 4250 χωρὶς
1124 4151 1226 4248 ψυχῆς
1241 4148 1320 4231 ἀδό-

157 4318 248 4363 νατον
266 4285 490 4384 παραγενέσθαι
513 4310 570 4373 τερ.
591 4282 652 4350 Διά
680 4276 719 4363 δὴ
740 4285 791 4352 τὸν
810 4285 959 4382 λογισμὸν
988 4273 1079 4351 τόνδε
1106 4289 1176 4349 νοῦν
1205 4279 1261 4376 μὲν
1289 4286 1319 4350 ἰν
