2790 4770
523 299 724 364 -161-

500 591 625 658 Πολιτεία,
644 592 706 658 βιύλ.
727 596 755 642 Β.

171 811 260 882 Εἶναι
270 815 324 908 μὲν
338 817 396 911 γάρ
415 801 536 907 (φασιν)
549 816 642 883 αὐτὸν
656 804 695 906 (Γ
697 804 788 910 ύχην)
799 818 929 909 ποιμένα
942 815 1113 891 θητεύοντα
1125 813 1209 910 παρὰ

51 949 99 1029 τῷ
114 943 189 1009 τότε
211 934 326 1022 Λυδίας
343 919 482 1035 ἄρχοντι,
501 936 618 1034 ὅμύρου
639 932 674 1008 δὲ
694 948 812 1009 πολλοῦ
834 945 995 1036 γενομένου
1018 942 1069 1010 καὶ
1084 953 1210 1036 σεισμοῦ

55 1068 185 1162 ῥαγῆναί
203 1095 234 1136 τι
254 1077 310 1145 τῆς
326 1079 383 1162 γῆς
400 1067 452 1136 καὶ
466 1070 604 1161 γενέσθαι
623 1069 732 1161 χάσμα
754 1065 835 1135 κατὰ
854 1069 905 1135 τὸν
935 1069 1031 1136 τόπον
1054 1067 1075 1162 ἦ
1097 1070 1211 1162 ἔνεμεν.

55 1175 173 1256 ίδόντα
192 1180 227 1257 δὲ
256 1192 307 1258 καὶ
333 1190 539 1284 θαυμάσαντα
565 1186 743 1267 καταίῆναι
770 1191 822 1261 καὶ
852 1183 925 1260 ἰδεῖν
957 1190 1037 1261 άλλα
1065 1219 1098 1261 τε
1121 1184 1213 1275 δη,ἂ

54 1315 271 1409 μυθολογοῦσι,
284 1315 463 1410 θαυμαστὰ,
477 1317 529 1384 καὶ
545 1318 641 1386 ἵππον
654 1324 802 1410 χαλκοῦν,
814 1321 933 1404 κοῖλον,
948 1310 1073 1410 θυρίδας
1089 1320 1213 1410 ἔχοντα,

57 1442 125 1509 καθ’
138 1439 175 1522 ἃς
189 1438 364 1538 ἐγκύψαντα
379 1436 453 1510 ἰδεῖν
473 1445 577 1513 ἐνόντα
591 1445 706 1538 νεκρὸν,
724 1430 768 1520 ὡς’
783 1443 954 1534 φαίνεσθαι,
980 1438 1071 1535 μείζω
1099 1443 1118 1519 ἢ
1143 1448 1217 1510 κατ’

59 1563 230 1661 ἄνθρωπον.
240 1571 358 1636 Τούτου
373 1561 392 1635 δ
396 1569 409 1634 ὲ
425 1563 501 1636 άλλο
518 1569 572 1661 μὲν
592 1569 668 1662 ἔχειν
689 1559 789 1654 οὐδὲν,
804 1569 871 1661 περὶ
891 1560 910 1634 δ
914 1568 927 1633 ὲ
940 1580 978 1663 τῇ
993 1569 1071 1661 χειρὶ
1084 1580 1213 1663 χρυσοῦν

60 1683 246 1779 δακτύλιον,
264 1690 295 1761 ὃν
316 1696 525 1788 περιελόμενον
545 1690 682 1770 ἐκύῆναι.
710 1694 866 1788 Συλλόγου
893 1686 930 1761 δὲ
961 1697 1122 1789 γενομένου
1153 1704 1216 1774 τοῖς

61 1820 201 1909 ποιμέσιν
222 1817 427 1919 είοιθύτοςχίύ
450 1813 659 1913 ἐξαγγέλλοιεν
685 1819 768 1887 κατὰ
786 1830 867 1909 μῆνα
890 1828 934 1908 τῷ
957 1825 1078 1906 βασιλεῖ
1092 1819 1133 1888 τὰ
1151 1821 1220 1914 περὶ

64 1938 104 2006 τὰ
114 1942 255 2034 ποίμνια,
272 1945 431 2039 ἀφικέσθαι
445 1946 497 2011 καὶ
513 1925 625 2014 ἐκεῖνον
641 1947 755 2040 ἔχοντα
770 1948 824 2014 τὸν
841 1937 1020 2015 δακτύλιον.
1040 1948 1219 2039 Καθύμενον

64 2068 113 2138 οὖν
130 2073 212 2166 μετὰ
227 2081 289 2141 τῶν
304 2069 416 2159 ἄλλοιν,
429 2079 530 2165 τυχεῖν
548 2077 603 2147 τὴν
618 2065 784 2164 σφενδόνην
803 2085 860 2141 τοῦ
879 2066 1048 2143 δακτυλίου
1070 2102 1219 2170 περιαγα-

63 2196 160 2290 γόντα
188 2199 264 2290 πρὸξ
291 2200 397 2266 ἑαυτὸν
426 2197 466 2278 εἰς
489 2200 526 2265 τὸ
548 2195 618 2264 εἴσω
633 2208 688 2276 τῆς
704 2198 815 2294 χειρός.
837 2200 957 2267 Τούτου
985 2191 1022 2265 δὲ
1044 2200 1218 2293 γενομένου,

65 2322 163 2414 ἀφανῆ
193 2325 286 2390 αὐτὸν
310 2323 448 2420 γενέσθαι
471 2330 535 2401 τοῖς
565 2323 843 2416 παρακαθημένοις,
873 2324 924 2390 καὶ
957 2315 1152 2417 διαλέγεσθαι
1179 2328 1219 2403 ὡς

65 2450 131 2543 περὶ
150 2449 322 2544 οἰχομένου.
349 2449 409 2517 Καὶ
433 2450 486 2516 τὸν
514 2445 678 2540 θαυμάζειν
711 2476 745 2516 τε
771 2447 865 2518 πάλιν
889 2445 1133 2540 ἐπιψηλαφῶντα
1165 2449 1218 2514 τὸν

65 2565 230 2642 δακτύλιον
248 2571 378 2667 στρέψαι
393 2569 451 2653 ἔξω
470 2576 527 2648 τὴν
548 2566 725 2662 σφενδόνην,
743 2574 795 2641 καὶ
817 2570 995 2667 στρέψαντα
1018 2574 1142 2667 φανερὸν
1169 2600 1220 2667 χε-

64 2700 174 2770 νέσθαι.
195 2701 258 2769 Καὶ
273 2713 367 2770 τοῦτο
382 2703 566 2776 ἐννοήσαντα
582 2701 805 2794 ἀποπειρᾶσθαι
824 2709 879 2766 τοῦ
900 2691 1080 2784 δακτυλίου,
1099 2697 1124 2763 εἰ
1142 2703 1219 2765 ταύ-

65 2851 120 2898 την
133 2826 200 2918 ἔχοι
219 2828 274 2900 τθν
289 2817 442 2917 Ιδύναμιν,
467 2828 519 2894 καὶ
539 2829 623 2911 αὐτῷ
648 2827 727 2891 οὕτω
749 2816 943 2915 ξυμθαίνειν·
971 2824 1136 2924 στρέφοντι
1164 2825 1218 2916 μὲν

64 2947 133 3017 είσοι
150 2953 208 3026 τὴν
227 2942 393 3043 σφενδόνην
413 2943 521 3040 οἱδηλῳ
540 2949 706 3045 γίγνεσθαι,
726 2941 783 3026 ἔξω
801 2940 835 3014 δὲ
858 2937 954 3034 δηλῳ.
976 2945 1163 3039 Αἰσθόμενον
1182 2941 1217 3016 δὲ

64 3077 148 3157 εὐθὺς
167 3068 396 3170 διαπράξασθαι
415 3084 474 3144 τῶν
496 3075 633 3171 ἀγγέλων
653 3075 791 3169 γενέσθαι
811 3080 874 3141 τῶν
891 3071 975 3165 παρὰ
994 3075 1045 3142 τὸν
1068 3075 1215 3159 βασιλέα·

62 3178 192 3275 ελθόντα
209 3183 309 3260 δὲκαὶ
325 3196 380 3269 τὴν
399 3200 530 3286 γυναῖκα
549 3195 646 3259 αὐτού
664 3192 883 3286 μοιχεύσαντα,
903 3196 969 3284 μετ’
984 3192 1096 3271 ἐκείνης
1116 3193 1216 3263 ἐπιθέ-

62 3343 150 3399 μενον
166 3324 213 3405 τῷ
233 3320 363 3404 βασιλεῖ,
381 3317 560 3386 ἀποκτεῖναι
574 3317 626 3386 καὶ
642 3322 698 3394 τὴν
714 3319 810 3411 ἀρχὴν
829 3324 1006 3411 κατασχεῖν.

376 3574 408 3626 ιι.
424 3574 453 3626 ι.
470 3575 604 3638 ciceronis,
616 3574 648 3624 de
662 3574 728 3643 off„
744 3574 787 3638 ιιι,
801 3592 855 3643 cap.
874 3558 913 3627 α’

94 3759 472 3837 HineilleGygesinduoitur
482 3767 637 3824 aPlatone:
652 3767 736 3839 «Qui,
749 3784 834 3841 quum
845 3775 919 3824 terra
927 3766 1099 3829 discessisset
1107 3772 1217 3843 magnis

58 3852 227 3925 quibusdam
237 3853 388 3923 imbribus,
404 3856 432 3911 in
444 3855 521 3913 illum
538 3856 644 3914 hiatum
658 3857 813 3930 descendit,
826 3875 990 3932 aeneumque
1003 3876 1116 3933 equum,
1129 3869 1161 3917 ut
1172 3861 1214 3917 fe·

57 3950 126 3999 runt
137 3940 249 4012 sabulae,
263 3943 476 4011 animadvertit,
491 3947 569 4019 cujus
583 3947 611 4003 ἰιι
630 3947 762 4004 lateribus
781 3948 855 4004 fores
868 3957 960 4005 essent
973 3967 979 4005 :
994 3950 1093 4023 quibus
1111 3951 1216 4023 apertis

58 4028 182 4085 hominis
195 4031 299 4086 mortui
311 4029 379 4088 vidit
391 4047 491 4105 corpus
503 4032 696 4107 magnitudine
706 4035 850 4099 inusitata,
863 4036 1052 4109 annulumque
1062 4054 1176 4094 aureum
1187 4039 1214 4095 ἰιι

56 4118 164 4194 digi103
177 4135 260 4194 quem
276 4129 306 4176 ιιι
325 4119 460 4188 detraxit,
478 4120 537 4192 ipse
558 4121 648 4178 induit
667 4123 735 4196 (erat
749 4131 842 4181 autem
859 4124 953 4197 regius
972 4125 1092 4198 μαστούς
1109 4135 1169 4182 tum
1189 4128 1215 4184 in

56 4210 211 4268 concilium
230 4226 260 4269 εο
277 4220 420 4284 pastorum
433 4212 547 4284 recepit.
568 4213 610 4268 lbi
631 4229 717 4286 quum
731 4215 824 4286 palam
843 4215 902 4288 ejus
922 4216 1016 4272 annuli
1035 4216 1069 4272 ad
1092 4217 1215 4289 palmam

56 4308 247 4368 converterat,
258 4316 272 4357 a
283 4301 360 4357 nullo
372 4300 529 4373 videbatur,
542 4302 600 4374 ipse
613 4311 709 4359 autem
723 4305 816 4359 οιιιιιίο
832 4303 958 4374 νίύείιοτς
973 4303 1048 4361 idem
1065 4321 1161 4364 rursus
1176 4308 1216 4364 vi·

1058 4407 1094 4466 11
