2806 4764
634 191 833 255 -136-

161 337 256 435 ψυχῇ,
271 337 371 435 ψυχην
387 333 422 410 θὲ
443 344 472 411 ἐν
492 346 616 435 σώματι
637 337 779 423 ξυνιστὰς
807 345 843 412 τὸ
864 347 925 412 πᾶν
948 337 1207 427 ξυνετεκτοιίνετο,
1233 347 1316 423 ὅπως

157 469 207 534 ότι
232 467 400 535 κάλλιστον
426 467 471 543 εἴη
497 467 578 536 κατὰ
605 474 692 562 φύσιν
727 466 851 563 ἀρεστόν
886 494 920 536 τε
948 470 1032 564 ἔργον
1062 471 1316 564 ἀπειργασμένος.

160 594 267 673 Οὕτως
282 590 333 662 οὖν
354 586 393 669 θη
409 592 591 690 κατὰλόγον
602 596 654 662 τόν
667 596 772 663 εἰκότα
783 587 935 690 θεῖλέγειν
951 586 1040 664 τόνθε
1050 597 1101 664 τὸν
1112 595 1226 689 κόσμον
1241 589 1317 681 ζῷον

159 714 295 811 ἔμψυχον
316 721 415 789 ἔννουν
434 747 466 790 τε
487 733 527 816 τῇ
546 720 671 812 ἀληθείᾳ
689 712 743 788 θιά
761 725 817 797 τλν
838 730 895 788 τοῦ
914 721 981 790 θεοῦ
1002 722 1141 816 γενέσθαι
1160 721 1317 815 πρόνοιαν.

216 832 282 911 IV.
312 849 434 916 Τοότου
456 839 486 915 θ’
505 847 698 942 θπάρχοντος
719 843 757 914 αὖ
776 839 818 914 τά
836 848 957 925 τούτοις
973 841 1077 939 ἐφεξῆς
1093 854 1166 939 ἡμῖν
1180 851 1317 932 λεκτέον,

157 970 218 1038 τίνι
234 979 296 1040 τῶν
316 965 399 1052 ζώων
418 975 508 1042 αὐτὸν
531 973 571 1052 εἰς
590 973 762 1065 ὁμοιότητα
782 978 797 1041 ό
818 966 959 1052 ξυνιστὰς
979 967 1156 1052 ξυνέστησε.
1175 981 1245 1042 Τῶν
1262 975 1317 1064 μὲν

158 1094 210 1166 οὖν
231 1101 259 1164 ἐν
278 1103 386 1192 μέρους
411 1092 486 1167 εἴδει
512 1099 691 1191 πεφυκότων
716 1090 826 1192 μηθενὶ
847 1093 1100 1190 καταξιῶσωμεν·
1132 1101 1238 1167 ἀτελεῖ
1257 1098 1316 1195 γὰρ

161 1224 256 1304 ἐοικὸς
272 1215 360 1292 οὐθέν
381 1227 455 1293 ποτ’
477 1220 512 1291 ἀν
530 1228 648 1320 γένοιτο
669 1226 783 1292 καλόν·
808 1223 842 1292 οὗ
861 1215 892 1291 θ’
912 1226 976 1292 ἐστι
1000 1221 1101 1292 τάλλα
1118 1217 1181 1303 ζῶα
1198 1219 1274 1292 καθ’1
1286 1223 1315 1292 ἐν

159 1350 211 1418 καὶ
225 1347 306 1417 κατὰ
320 1353 390 1444 γένη
407 1352 512 1443 μόρια,
524 1355 625 1438 τούτῳ
642 1353 766 1419 πάντων
780 1350 967 1443 ὁμοιότατον
980 1354 1071 1417 αὐτον
1087 1346 1163 1419 εἶναι
1172 1351 1316 1441 τιθῶμεν.

161 1472 210 1541 T&
224 1474 282 1571 γὰρ
304 1466 343 1550 θη
363 1471 460 1551 νοητά
476 1467 541 1555 ζῶα
561 1477 667 1545 πάντα
682 1480 776 1545 ἐκεῖνο
792 1479 820 1543 ἐν
840 1479 941 1564 ἐαυτῷ
954 1471 1117 1569 περιλαθθν
1133 1477 1206 1567 ἔχει,
1220 1475 1318 1542 καθοί·

160 1623 214 1690 περ
230 1588 283 1666 όθε
306 1603 321 1666 ό
342 1599 456 1692 κόσμος
475 1603 557 1692 ἡμᾶς
576 1602 636 1666 ὅσα
659 1625 692 1667 τε
717 1593 798 1665 ἀλλα
821 1599 982 1692 θρέμματα
1002 1591 1181 1674 ξυνέστηκεν
1205 1598 1318 1692 ὁραταί.

160 1726 212 1812 Τῷ
237 1725 296 1820 γὰρ
315 1732 377 1791 τῶν
396 1731 565 1818 νοουμένων
584 1725 738 1811 καλλίστῳ
762 1723 814 1790 καὶ
832 1720 915 1790 κατὰ
941 1720 1046 1790 ποίντα
1066 1725 1160 1806 τελέῳ
1180 1724 1319 1816 μαλιστα

161 1852 253 1918 αὐτὸν
274 1855 289 1918 θ
314 1850 378 1929 θεὸς
396 1855 545 1940 ὁμοιῶσαι
569 1849 726 1936 βουληθεὶς
745 1843 820 1928 ζῶον
843 1846 874 1914 ἐν
894 1848 1022 1940 ὁρατὸν,
1045 1848 1132 1917 πένθ’
1147 1850 1204 1915 ὅσα
1223 1855 1320 1916 αὐτοῦ

162 1973 246 2043 κατὰ
261 1979 348 2068 φύσιν
363 1986 493 2071 συγγενῆ
509 1967 573 2054 ζῶα
587 1977 669 2054 ἐντὸς
688 1976 757 2067 ἕχον
772 1978 895 2058 ἐαυτοῦ,
911 1966 1085 2051 ξυνέστησε.
1109 1974 1247 2067 Πότερον
1267 1971 1319 2041 οὖν

162 2102 256 2195 ὀρθῶς
272 2105 326 2169 ένα
344 2103 468 2190 οὐρανὸν
489 2084 782 2197 προσειρόκαμεν,ἢ
812 2101 944 2178 πολλοὺς
972 2098 1024 2167 καὶ
1051 2100 1192 2191 ἀπείρους
1220 2101 1320 2195 λέγειν

160 2222 197 2300 ἦν
225 2227 401 2321 ὀρθότερον,
430 2231 494 2313 ἐ’να,
516 2225 596 2321 εἴπερ
620 2224 704 2295 κατὰ
728 2227 764 2294 τὸ
785 2217 986 2319 παράδειγμα
1017 2215 1319 2319 δεδημιουργημένος

161 2351 260 2418 ἐσται.
280 2353 325 2419 Τὸ
340 2350 397 2446 γὰρ
417 2357 555 2446 περιέχον
575 2351 681 2420 πάντα
699 2352 800 2419 ὁπόσα
818 2350 915 2424 νοητὰ
933 2345 1008 2435 ζῶα,
1029 2349 1092 2442 μεθ’
1116 2351 1220 2442 ἑτέρου
1247 2342 1320 2417 θεό-

164 2501 249 2569 τερον
272 2478 328 2543 οὐκ
357 2473 392 2542 ἀν
408 2482 479 2545 ποτ’
497 2475 561 2552 εἴη·
587 2477 680 2545 πάλιν
703 2475 762 2572 γὰρ
781 2472 817 2543 ἀν
842 2479 943 2569 ἕτερον
974 2471 1104 2544 εἶναιτὸ
1128 2475 1197 2569 περὶ
1216 2474 1320 2544 ἐκείνω

169 2591 234 2668 θέοι
249 2593 335 2685 ζῶον,
358 2599 393 2669 οὗ
413 2605 501 2694 μέρος
521 2597 556 2668 ἀν
578 2602 660 2676 εἴτην
682 2601 795 2687 ἐκείνω,
813 2600 864 2668 καὶ
885 2603 941 2668 οὐκ
961 2595 996 2667 ἀν
1022 2601 1069 2667 ἔτι
1091 2597 1225 2684 ἐκείνοιν,
1250 2601 1321 2667 ἀλλ’

162 2724 263 2811 ἐκείνῳ
279 2734 324 2814 τῷ
343 2728 516 2820 περιέχοντι
536 2719 603 2795 τόθ’
622 2722 658 2793 ἀν
674 2727 909 2818 ἀφωμοιωμένον
927 2729 1052 2818 λέγοιτο
1074 2726 1246 2819 ὀρθότερον.
1265 2707 1321 2791 Ϊνα

167 2850 218 2921 οὖν
233 2843 307 2920 τόθε
322 2851 404 2920 κατὰ
417 2856 472 2928 τὴν
497 2853 628 2945 μόνωσιν
645 2853 750 2945 όμοιον
775 2850 794 2944 ἦ
814 2860 859 2938 τῷ
878 2857 1027 2918 παντελεῖ
1049 2843 1131 2938 ζώῳ,
1150 2844 1204 2918 διὰ
1221 2861 1323 2919 ταῦτα

166 2982 236 3048 οὔτε
262 2970 317 3047 θέο
345 2981 408 3046 οὔτ’
436 2978 575 3070 ἀπείρους
605 2977 741 3052 ἐποίησεν
766 2983 782 3044 ό
809 2984 903 3043 ποιῶν
926 2977 1072 3069 κόσμους,
1102 2979 1171 3044 ἀλλ’
1197 2973 1237 3055 εἷς
1268 2970 1322 3046 όθε

170 3107 335 3198 μονογενὴς
355 3104 479 3194 οὐρανὸς
496 3105 627 3198 γεγονὼς
644 3103 710 3169 ἐστι
732 3127 765 3169 τε
791 3103 843 3168 καὶ
869 3102 910 3168 ἐτ’
931 3102 1031 3168 ἔσται.
1057 3093 1271 3194 Σωματοειθὲς
1286 3094 1323 3171 θὲ

171 3220 210 3303 θη
227 3226 279 3295 καὶ
297 3227 408 3319 όρατθν
425 3229 522 3295 ἁπτόν
540 3253 573 3294 τε
590 3219 688 3295 δεῖτὸ
703 3229 861 3322 γενόμενον
882 3222 969 3294 εἶναι.
991 3227 1147 3322 Χωρισθέν
1171 3219 1206 3294 θέ
1229 3230 1323 3322 πυρὸς

172 3349 261 3425 οὐθὲν
277 3353 313 3422 ἀν
334 3379 411 3422 ποτε
432 3353 541 3448 ὁρατὸν
560 3357 692 3448 γένοιτο,
711 3343 783 3420 οθθὲ
802 3354 899 3421 ἁπτὸν
918 3348 988 3419 ἀνευ
1005 3353 1085 3432 τινὸς
1099 3363 1237 3447 στερεοῦ,
1252 3378 1322 3420 στε·

169 3485 231 3577 ρεθν
248 3474 283 3550 θέ
302 3487 358 3549 οὐκ
380 3475 450 3547 ἀνευ
467 3491 544 3574 γῆς·
566 3479 632 3547 ὅθεν
648 3482 686 3547 ἐκ
702 3480 796 3571 πυρὸς
816 3478 868 3546 καὶ
887 3488 944 3572 γῆς
964 3479 1071 3544 τὸτοῦ
1090 3479 1208 3557 παντὸς
1227 3477 1324 3570 ἀρχό-

168 3636 255 3702 μενος
270 3601 443 3686 ξυνιστοίναι
458 3615 549 3696 σῶμα
566 3609 582 3671 ό
602 3605 666 3680 θεὸς
685 3602 788 3671 ἐποίει.
804 3605 869 3671 Δόο·
881 3593 917 3670 θέ
936 3603 1020 3693 μόνω
1042 3608 1142 3680 καλῶς
1164 3597 1322 3680 ξυνίστασ-

168 3734 219 3802 θαι
237 3732 338 3825 τρίτου
357 3730 450 3824 χωρὶς
470 3733 503 3797 οὐ
521 3721 672 3795 δυνατόν·
693 3720 805 3820 θεσμὸν
827 3729 885 3821 γὰρ
906 3731 935 3794 ἐν
956 3730 1038 3818 μέσῳ
1057 3719 1105 3792 θεῖ
1124 3731 1194 3793 τινὰ
1210 3728 1323 3818 ἀμφοῖν

170 3853 343 3952 Ευναγωγὸν
364 3853 531 3950 γίγνεσθαι.
548 3856 672 3946 Δεσμῶν
686 3844 720 3919 θέ
735 3852 900 3930 κάλλιστος
917 3848 947 3929 θς
963 3847 997 3916 ἀν
1018 3851 1111 3918 αὑτὸν
1129 3851 1182 3917 καὶ
1201 3846 1241 3916 τά
1256 3843 1324 3927 ξυν·

144 3975 146 3980 ’
169 3979 304 4079 θοόμενα
319 3984 369 4048 ότι
385 3979 523 4072 μάλιστα
542 3975 572 4044 ἓν
591 3987 675 4070 ποιῇ.
696 3984 799 4046 Τοῦτο
815 3967 850 4043 θὲ
865 3977 995 4066 πέφυκεν
1010 3973 1158 4068 ἀναλογία
1172 3976 1324 4041 κάλλιστα

166 4114 337 4180 ἀποτελεῖν.

224 4220 272 4295 V.
289 4216 420 4298 ὁπόταν
434 4226 493 4323 γάρ
512 4225 646 4319 ἀριθμῶν
664 4233 754 4317 τριῶν
773 4223 834 4291 εἴτε
853 4223 950 4318 όγκων
972 4220 1031 4291 εἴτε
1052 4213 1210 4316 θυνάμεων
1231 4230 1323 4290 ὡντι-
