2790 4770
457 372 461 377 .
559 309 611 392 5-
638 312 698 377 175
723 346 768 358 -

85 464 214 534 πάντων
230 465 343 533 τούτων
359 457 614 557 ξυνηθροιαρ.ένων
636 468 757 548 ἐννοεῖς,
777 470 818 542 ὡς
843 465 963 536 ἁπαλὴν
987 464 1041 535 τὴν
1059 456 1159 550 ψυχὴν
1179 466 1241 526 τῶν

86 597 227 658 πολιτῶν
246 596 336 674 ποιεῖ,
357 592 437 656 ὥστε
448 584 504 677 κᾷν
520 594 619 656 ὁτιοῦν
635 580 775 668 δουλείας
791 616 837 667 τις
847 587 1044 680 προφέρηται,
1059 586 1241 679 ἀγανακτεῖν

86 715 141 784 καὶ
155 717 197 808 μὴ
213 715 391 806 &ripariam
410 720 623 792 Τιλευτῶντις
641 713 701 809 γάρ
720 741 779 782 που
803 709 879 780 οἷσθ’
899 714 946 779 ὅτι
965 701 1035 778 οὐδὲ
1060 702 1122 777 τῶν
1140 710 1240 802 νόμων

86 831 278 933 φροντίζουσι
291 841 508 932 γεγραμμένων
528 836 547 913 ἢ
567 839 725 933 ἀγριίρων,
738 841 788 906 ἵνα
804 842 845 931 μὴ
867 829 995 932 μηδαμῇ
1017 828 1123 930 μηδεὶς
1139 840 1241 916 αὐτοῖς

86 964 107 1058 ᾔ
129 957 295 1043 δεσπότης.

503 1158 566 1218 Cic„
581 1157 612 1208 de
625 1157 736 1230 ΙιίερναΜη
753 1159 771 1218 i,
788 1164 827 1211 ta.

124 1300 197 1355 Tum
213 1297 244 1352 lit
264 1296 341 1363 illud,
362 1294 435 1376 quod
449 1293 523 1367 apud
541 1294 687 1352 Platonem
711 1303 753 1352 est
770 1292 908 1370 luculente
929 1296 1044 1363 dictum,
1068 1295 1091 1351 si
1113 1296 1197 1353 modo
1216 1295 1244 1354 id

87 1387 244 1460 exprimere
256 1386 340 1442 latiae
350 1392 482 1457 potuero,
496 1401 564 1441 narn
575 1383 688 1442 difficile
701 1384 776 1441 lactu
787 1393 829 1442 est
842 1405 848 1440 :
860 1383 910 1441 sed
918 1386 1042 1442 conabor
1054 1395 1148 1442 minen
1161 1391 1170 1454 t
1189 1388 1207 1459 ).

128 1479 246 1548 «Quum
265 1475 354 1542 enirn,
371 1473 478 1546 inquit,
498 1473 679 1542 inexplebiles
696 1474 790 1546 populi
813 1474 904 1531 lauces
929 1483 1096 1532 exaruerunt
1114 1475 1247 1532 libertatis

85 1565 142 1635 siti,
155 1564 292 1637 malisque
302 1579 367 1620 usus
383 1563 427 1619 ille
441 1561 588 1631 ministris,
598 1579 655 1619 non
666 1563 775 1621 modico
786 1572 984 1636 temperatam,
996 1563 1044 1620 sed
1057 1565 1141 1621 nimis
1151 1580 1243 1621 mera·

86 1670 151 1712 cam
162 1654 320 1712 libertatem
338 1652 435 1710 sitiens
454 1651 592 1723 hauserim
610 1660 672 1710 turn
687 1653 868 1726 magistratus
881 1661 909 1710 et
925 1653 1080 1726 principes,
1098 1652 1151 1709 nisi
1166 1653 1244 1710 valde

85 1743 165 1801 lenes
176 1752 204 1800 et
216 1741 326 1800 remissi
339 1740 405 1810 sint,
417 1747 445 1798 et
455 1740 532 1814 large
542 1740 594 1797 sibi
607 1741 765 1798 libertatern
773 1741 944 1809 ministrant,
955 1740 1122 1814 insequitur,
1132 1741 1247 1797 insimu-

86 1832 136 1904 lat,
148 1831 255 1906 arguit,
265 1837 465 1903 praepotentes,
474 1844 563 1903 reges,
576 1836 710 1904 tyrannos
723 1839 813 1886 vocat.
829 1854 842 1880 ι
887 1823 894 1835 ’

129 1956 670 1981 ................
693 1918 745 1974 llla
758 1926 914 1992 sequuntur
931 1937 937 1975 ι
956 1941 968 1967 «
982 1921 1046 1987 Eos,
1065 1920 1110 1993 qui
1131 1927 1245 1992 pareant

88 2009 269 2084 principibus,
283 2006 380 2080 agitari
394 2008 469 2064 abeo
481 2008 592 2079 populo,
604 2015 631 2064 et
642 2023 735 2064 servos
746 2007 917 2064 voluntarios
926 2008 1070 2080 appellari;
1083 2025 1131 2065 eos
1141 2016 1245 2078 autern,

87 2100 137 2174 qui
152 2100 180 2158 in
197 2097 356 2172 magistratu
366 2097 544 2177 privatorum
557 2095 663 2153 sinriles
677 2112 737 2153 esse
752 2097 855 2167 r·clint;
871 2113 973 2170 eosque
985 2097 1115 2170 privatos,
1129 2097 1175 2171 qui
1186 2097 1246 2154 elli·

87 2190 176 2255 ciant,
191 2186 302 2260 nequid
318 2187 390 2243 inter
404 2187 542 2259 privatum
554 2193 582 2242 ct
596 2186 790 2259 magistratum
805 2186 932 2252 diflerat,
946 2187 1049 2255 serum
1065 2187 1206 2243 [aradibus
1219 2195 1248 2244 et

87 2281 225 2335 associant
239 2273 396 2332 bonoribus
409 2276 443 2348 (2)
460 2296 466 2332 :
483 2283 515 2331 ut
528 2290 641 2333 necesse
655 2275 690 2330 sit
709 2276 737 2332 in
751 2275 888 2349 ejusmodi
912 2275 1051 2348 republica
1067 2276 1147 2348 prlena
1161 2275 1246 2334 liber·

88 2366 156 2425 tatis
168 2381 228 2424 esse
242 2364 351 2436 omnia3
368 2373 398 2421 ut
419 2372 446 2420 et
465 2363 570 2436 privata
593 2362 692 2420 domus
714 2365 806 2420 omnis
820 2373 898 2421 vacet
915 2365 1119 2435 dominatione,
1143 2373 1171 2422 et
1193 2365 1246 2421 boc

89 2456 197 2514 malum
212 2453 347 2529 usquead
362 2454 462 2510 bestias
482 2453 636 2526 perveniat,
652 2451 770 2526 denique
791 2462 822 2510 ut
838 2462 915 2526 pater
931 2454 1020 2511 lilium
1039 2463 1156 2523 metuat,
1172 2455 1247 2513 filius

90 2554 199 2621 patrem
212 2545 343 2619 negligat,
353 2543 425 2599 absit
437 2543 527 2600 omnis
536 2544 634 2616 pudor,
648 2551 679 2600 ut
692 2544 771 2615 plane
788 2542 863 2599 liberi
879 2545 950 2614 sint;
964 2545 1033 2601 nihil
1050 2544 1167 2614 intersit,
1180 2545 1247 2603 civis

89 2636 178 2693 sitan
193 2634 364 2707 peregrinum
381 2631 515 2704 magister
533 2639 564 2688 ut
579 2630 730 2704 discipulos
744 2640 850 2688 metuat
865 2639 892 2688 et
916 2632 950 2689 iis
972 2629 1148 2704 blandiatur,
1169 2650 1247 2707 sper·

89 2732 218 2797 nantquc-
224 2720 352 2795 discipuli
363 2721 524 2795 magistram
537 2720 726 2777 adolescentes
740 2730 771 2778 ut
781 2738 878 2778 senum
897 2723 948 2778 sibi
966 2723 1074 2795 pondus
1088 2734 1245 2792 assumant,

89 2830 173 2872 senes
192 2821 285 2871 autem
302 2810 338 2868 ad
360 2810 464 2869 ludum·
481 2810 698 2870 adolescentium
718 2811 906 2880 descendant,
925 2828 959 2868 ne
978 2813 1035 2869 sint
1059 2814 1092 2869 iis
1111 2812 1199 2871 odiosi
1219 2821 1247 2870 et

89 2918 202 2977 graves.

126 3021 163 3034 -
179 3014 193 3041 ι
203 2994 246 3048 Er
258 3006 314 3064 qno
329 2989 360 3046 lit
371 2998 402 3047 ut
414 2989 497 3046 etiam
510 2986 579 3044 servi
590 3004 619 3044 se
632 2988 744 3045 liberius
755 2998 870 3062 geraut3
887 3005 985 3046 uxores
1000 2989 1097 3047 eodem
1106 2990 1169 3064 jure
1179 2991 1246 3063 sint,

90 3097 150 3154 quo
170 3079 238 3149 viri3
257 3078 324 3152 quin
337 3087 414 3135 tanta
433 3078 559 3134 libertate
581 3093 663 3133 canes
676 3077 777 3145 etiam,
796 3086 824 3134 et
842 3079 923 3150 equi,
939 3078 1018 3135 aselli
1032 3078 1151 3153 deniqne
1166 3079 1245 3138 liberi

89 3170 159 3237 siut,
170 3169 211 3226 sic
221 3169 372 3238 incurrant,
388 3151 511 3225 utiisbe
530 3167 573 3224 via
588 3165 780 3224 decedendum
794 3167 840 3224 sit.
857 3171 930 3241 Ergo
946 3184 979 3224 ex
994 3168 1185 3240 bacinnum,
1202 3169 1245 3225 in·

89 3258 162 3333 quit,
176 3258 289 3316 licentia
304 3257 364 3315 haec
377 3272 486 3314 summa
500 3257 618 3330 cogitur,
634 3265 666 3313 ut
679 3257 717 3314 ita
728 3256 878 3314 fastidiosa
892 3257 1044 3331 mollesque
1059 3267 1166 3316 mentes
1184 3275 1246 3315 eva·
1300 3293 1304 3299 ·

89 3349 162 3406 rlant
172 3347 289 3418 civium,
305 3355 346 3418 nt,
364 3347 387 3403 si
402 3346 520 3403 minima
531 3346 572 3401 vis
592 3344 756 3403 adhibeatur
773 3343 892 3419 imperii,
913 3347 1066 3405 irascantur
1083 3358 1111 3406 et
1123 3347 1245 3421 perterre

10 3465 14 3471 ·
89 3445 233 3512 nequeant
246 3452 254 3493 ι
265 3452 299 3495 ex
311 3452 366 3510 quo
382 3436 456 3509 leges
471 3451 582 3508 quoque
595 3435 732 3508 incipiunt
747 3435 896 3508 negligere,
908 3445 938 3493 ut
952 3437 1033 3510 plane
1050 3438 1108 3495 sine
1124 3438 1180 3495 ullo
1194 3437 1246 3494 do·

88 3528 170 3586 mitto
183 3526 247 3585 tini.
261 3547 276 3576 n
668 3532 681 3554 ⁹

124 3771 162 3835 (t)
181 3768 292 3825 Notabile
302 3767 376 3819 Tullii
390 3769 484 3820 dictum
496 3770 526 3819 de
543 3768 727 3836 interpretando
739 3769 852 3831 Platone;
865 3787 1004 3836 quanquam
1028 3773 1058 3822 de
1078 3773 1144 3839 Leg,
1165 3775 1197 3836 ll,
1221 3778 1245 3838 l,

87 3855 221 3922 ait,genus
232 3855 349 3906 orationis
362 3854 493 3906 Platonicae
507 3839 599 3906 imitari
613 3856 721 3917 difficile,
742 3854 873 3905 sententias
887 3856 1043 3923 interpretari
1057 3858 1179 3924 perfacile.
1192 3860 1246 3911 Jarn

88 3953 172 3996 totum
180 3940 247 3992 hunc
256 3943 337 3993 locum
346 3944 408 3995 mira
416 3942 536 3996 brevitate
548 3956 577 3991 ac
588 3939 700 3991 libertate
711 3940 826 3991 Latinum
836 3938 904 4000 iacit,
913 3958 1011 4008 prorsus
1023 3951 1051 3993 nt
1065 3945 1091 3993 in
1103 3946 1206 3998 aliorum
1217 3948 1248 3998 li·

88 4029 192 4081 brorum
205 4045 256 4079 nou
269 4027 510 4097 interpretationibus
518 4029 603 4079 solitus
611 4027 670 4079 luit.
681 4064 687 4077 .
699 4063 704 4076 .
714 4025 909 4090 tl'rid.Crenzeri
923 4038 1019 4092 armat,
1028 4028 1150 4090 Francol.,
1165 4034 1246 4099 1826).

123 4116 162 4182 (2)
174 4114 255 4167 Verba
265 4114 319 4167 haec
331 4131 346 4166 e
359 4115 476 4166 Cicerone
490 4114 520 4164 de
534 4113 595 4180 Rep.
619 4113 661 4163 sed
684 4111 736 4161 sine
755 4111 814 4162 libri
827 4121 899 4174 uota,
921 4124 994 4181 atque
1015 4116 1101 4166 omissa
1123 4118 1211 4182 copula
1224 4127 1248 4165 et

87 4196 151 4253 citat
164 4198 258 4251 Nonius
270 4215 325 4251 roo.
337 4208 442 4248 mactare
456 4197 533 4264 (Frid.
549 4195 683 4262 cremon).
707 4195 800 4246 Locum
821 4196 947 4264 exprimit,
961 4197 1036 4248 tacito
1056 4197 1181 4249 Ciceronis
1203 4216 1247 4250 no·

87 4286 256 4365 tumetium
267 4284 415 4337 lactantius.
428 4282 495 4344 lma,
507 4282 536 4342 V,
553 4287 578 4335 9.
