2790 4770
542 286 583 328 :—
614 250 740 312 ros-

61 407 195 478 νονζσατε
219 405 301 483 οἵους
325 405 379 497 μὲν
407 398 519 498 φόθους
544 411 608 483 τοῖς
638 404 809 498 μιαιφόνοις
835 398 1050 496 ἐμόοίλλουοιν,
1077 406 1157 483 οἵους
1179 396 1213 471 de
1250 445 1254 450 ·

60 530 275 624 παλαμναίους
293 539 357 610 τοῖς
371 530 501 609 ἀνοσίοις
518 532 741 622 ἐπιπέμπουσι,
759 536 823 607 τοῖς
839 519 874 597 di
887 530 1038 622 φθιμένοις
1051 529 1108 609 τὰς
1123 529 1214 622 τιμὰς

61 652 215 751 διαμένειν
231 660 275 725 ἔτι
294 653 330 724 ἂν
350 649 484 743 δοκεῖτε,
504 655 528 723 εἰ
555 647 686 748 μηθενὸς
707 659 807 722 αὐτῶν
833 654 863 721 αἱ
882 650 980 748 ψυχαὶ
1000 658 1101 748 κόριαι
1119 656 1214 740 ἦσαν,

62 784 161 850 Οὗτοι
178 783 287 877 ἔγωγε,
308 780 333 849 ὦ
352 773 474 867 παῖδες,
493 771 676 848 οὐδὲτοῦτο
698 782 825 848 πώποτε
842 781 993 864 ἐπείσθην,
1018 787 1058 859 ὡς
1077 785 1096 855 ἡ
1119 778 1214 873 ψυχὴ,

60 912 119 986 ἕως
143 910 197 1001 μὲν
215 904 251 976 θιν
275 913 304 977 ἐν
330 909 430 995 θνήτῳ
453 909 575 999 σώματι
593 903 625 998 ἦ,
647 899 702 1000 ζῇ
723 909 798 973 ὅταν
825 897 860 974 dd
890 908 1002 975 τούτου
1026 907 1215 1000 ἀπαλλαγῇ,

60 1033 217 1107 τέθνηκεν.
233 1021 307 1127 ὁρῶ
326 1032 398 1129 γὰρ,
412 1034 462 1099 ότι
480 1032 532 1098 καὶ
558 1028 599 1099 τὰ
618 1031 713 1107 θνητὰ
737 1034 882 1124 σώματα,
909 1033 980 1099 όοον
1004 1026 1039 1099 θον
1059 1035 1088 1101 ἐν
1111 1037 1215 1112 αὐτοῖς

58 1160 169 1252 χρόνον
187 1158 206 1233 ἦ
226 1166 245 1235 ἡ
264 1160 361 1252 ψυχὴ,
380 1153 479 1238 ζῶντα
495 1160 676 1249 παρέχεται.
697 1149 784 1224 Οθθέ
801 1183 835 1252 γε
856 1159 939 1235 ὅπως
960 1153 1062 1250 ἄφρων
1088 1161 1213 1234 ἕσταιή

59 1281 159 1376 ψυχὴ,
174 1275 297 1350 ἐπειδὰν
314 1293 369 1349 τοῦ
381 1279 510 1374 ἄφρονος
525 1284 670 1375 σώματος
697 1273 772 1375 θίχα
790 1284 931 1376 γένηται,
948 1275 1020 1349 ὀὐθὲ
1044 1292 1136 1350 τοῦτο
1154 1284 1233 1368 ,τόν

59 1433 212 1500 πεισμαι·
229 1408 298 1474 ἀλλ’
316 1410 389 1474 όταν
407 1403 543 1498 ἄκρατος
568 1405 620 1472 καὶ
641 1407 774 1498 καθαρὸς
795 1411 810 1473 ὁ
831 1416 900 1484 νοῦς
920 1406 1053 1500 ἐκκριθῇ,
1067 1408 1142 1474 τότε
1160 1408 1213 1474 καὶ

57 1536 296 1627 φρονιμώτατον
321 1532 399 1611 εἰκὸς
423 1533 515 1599 αὐτὸν
541 1527 628 1600 εἶναι.
659 1533 866 1623 Διαλυομένου
899 1524 933 1599 di
953 1533 1112 1626 ἀνθρώπου
1133 1525 1217 1608 imni

59 1664 142 1729 ἐστιν
157 1665 277 1730 ἕκαστα
294 1660 428 1728 ἀπιόντα
449 1661 523 1754 πρὸς
540 1660 577 1727 τὸ
595 1659 752 1753 ὁμόφυλον
772 1665 852 1737 πλὴν
871 1671 925 1741 τῆς
944 1656 1060 1754 ψυχῆς·
1082 1666 1161 1736 αὕτη
1178 1653 1214 1728 θὲ

59 1789 140 1878 μόνη
159 1789 232 1853 οὔτε
254 1772 396 1877 παροῦσα
422 1786 493 1852 οὔτε
512 1783 646 1851 ἀπιοῦσα
673 1788 798 1875 ὁρᾶται.
817 1771 994 1859 diloricare
1012 1776 1059 1870 θὲ,
1078 1788 1145 1877 ἔφη,
1165 1787 1214 1853 ὅτι

59 1915 224 2007 ἐγγύτερον
244 1911 298 2003 μὲν
317 1920 361 1999 τῷ
381 1908 558 2002 ἀνθρωπίνῳ
578 1908 700 1994 θανάτῳ
719 1900 807 1976 οὐδέν
828 1913 912 1978 ἐστιν
932 1915 1044 1978 ὕπνου·
1063 1919 1080 1987 ἡ
1102 1903 1137 1978 θὲ
1159 1921 1215 1977 τοῦ

59 2038 222 2131 ἀνθρώπου
248 2032 329 2128 ψυχὴ
359 2034 434 2103 τότε
458 2027 560 2110 θῆπον
586 2033 728 2108 θειοτοίτο
751 2038 987 2128 καταφαίνεται,
1011 2035 1063 2102 καὶ
1088 2036 1163 2102 τότε
1181 2062 1214 2102 τι

59 2174 125 2231 τῶν
150 2161 325 2256 μελλόντων
347 2166 484 2253 προορᾷ·
516 2161 586 2229 τότε
615 2158 693 2256 γὰρ,
727 2167 767 2239 ὡς
800 2163 890 2248 ἔοικε,
922 2161 1061 2254 proditore
1095 2160 1213 2229 ἐλευθε-

61 2297 171 2379 ροῦται
174 2333 243 2355 .....

436 2469 499 2531 cic„
514 2468 546 2518 de
558 2473 690 2527 Senectute,
706 2485 760 2535 cap.
775 2467 848 2520 xltll.
877 2480 880 2484 '

98 2587 180 2660 Apud
191 2588 410 2662 Xenophontem
424 2597 517 2645 autem
529 2588 651 2645 utonens
663 2589 752 2662 Cyrus
765 2586 854 2660 major
865 2586 923 2644 baec
935 2586 1003 2642 dicit
1017 2604 1024 2641 :
1040 2610 1053 2636 ι
1066 2586 1159 2643 Nolite
1172 2603 1217 2642 ar·

60 2678 172 2744 bitrari,
185 2693 202 2735 o
215 2677 283 2735 mibi
295 2678 431 2734 carissimi
451 2677 510 2748 tilii,
525 2693 581 2746 me,
595 2693 682 2750 qutun
697 2692 712 2731 a
730 2675 808 2732 robis
826 2675 992 2745 discessero,
1009 2692 1147 2749 nusquam
1169 2686 1218 2733 aut

60 2766 173 2824 nullum
187 2765 254 2824 lore.
267 2769 327 2823 Nec
339 2765 429 2835 enim,
450 2766 517 2822 dum
535 2781 612 2822 eram
631 2765 790 2835 vobiscum,
806 2765 930 2820 animum
951 2781 1047 2820 meum
1063 2763 1216 2830 videbatis3

59 2855 192 2913 sedeam
203 2871 263 2913 esse
282 2854 311 2911 in
325 2855 379 2911 boe
393 2870 524 2928 oorpore,
540 2870 574 2911 ex
595 2854 628 2910 iis
640 2854 742 2923 rebus,
761 2870 831 2928 quas
846 2853 996 2928 gerebam,
1013 2853 1216 2926 intelligebatis.

60 2944 200 3002 Eumdem
215 2945 300 3018 igitur
311 2960 371 3002 esse
385 2942 529 3013 ereditote,
543 2944 652 3000 etiamsi
663 2942 771 2999 nullum
787 2943 923 2999 videbitis.
936 2945 991 2999 Nec
1003 2958 1067 2999 vero
1078 2943 1217 2998 clarorum

59 3034 184 3090 virorum
198 3043 260 3106 post
272 3041 392 3090 mortem
406 3032 527 3089 honores
539 3038 745 3105 permanerent,
761 3033 783 3087 si
797 3030 867 3088 nilril
879 3048 975 3089 corum
988 3032 1114 3102 ipsorum
1129 3030 1216 3085 animi

58 3121 221 3191 efficerent,
239 3139 294 3197 quo
312 3122 416 3179 diutius
434 3121 599 3178 memoriam
619 3121 661 3177 sui
680 3129 849 3178 teneremus.
864 3121 933 3178 illilri
947 3120 1060 3194 quidem
1075 3135 1216 3193 nunquam

58 3213 221 3288 persuaderi
241 3214 342 3287 potuit,
358 3215 479 3280 auinros,
493 3211 561 3270 dum
579 3213 608 3268 ln
621 3213 784 3285 corporibus
802 3222 894 3272 essent
907 3214 1090 3283 mortalibus,
1106 3214 1214 3281 viverc3

57 3320 148 3377 quum
160 3302 378 3371 ermenteriis,
397 3301 485 3359 emori
498 3320 505 3357 :
518 3317 571 3358 nec
581 3318 646 3359 vero
655 3310 713 3358 tum
721 3302 847 3360 animum
859 3320 919 3360 esse
931 3303 1116 3378 insipientem,
1129 3319 1215 3376 quum

56 3407 93 3448 ex
109 3391 248 3463 insipienti
263 3405 380 3463 corpore
396 3390 543 3460 erasisset3
559 3389 608 3446 sed
623 3406 709 3463 quum
724 3391 800 3447 omni
817 3391 987 3450 admixtione
1004 3393 1129 3464 eorporis
1145 3392 1215 3449 libe-

56 3488 154 3547 ratus,
174 3494 260 3552 purus
272 3486 301 3535 et
314 3479 420 3551 integer
434 3493 495 3535 esse
512 3477 656 3549 coepisset,
672 3487 734 3535 tum
748 3495 808 3536 esse
823 3480 987 3552 sapientem.
1008 3484 1097 3555 Atque
1114 3481 1215 3548 etiam,

56 3582 146 3642 quum
165 3565 287 3624 bominis
304 3573 403 3622 natura
422 3573 511 3622 morte
524 3564 693 3634 dissolvitur,
707 3575 862 3623 ceterarum
877 3584 970 3624 rerum
986 3569 1163 3641 perspicuum
1176 3579 1219 3626 est

55 3672 117 3729 quo
129 3670 245 3730 qumque
257 3654 420 3712 discedant:
432 3656 535 3712 abeunt
554 3655 627 3711 enim
643 3655 708 3712 illuc
722 3658 832 3726 omnia,
847 3657 920 3713 unde
933 3666 992 3714 orta
1008 3667 1087 3727 sunt3
1103 3659 1215 3715 animus

55 3755 152 3802 autem
163 3745 248 3812 solus,
262 3760 314 3801 neo
323 3761 409 3817 quum
424 3745 513 3808 adest,
525 3760 577 3800 nec
587 3761 673 3817 quum
685 3744 813 3817 discedit,
824 3757 949 3819 apparet.
963 3751 1026 3803 Jam
1039 3765 1104 3804 vero
1117 3748 1215 3806 videtis

54 3833 127 3890 nibil
151 3849 210 3890 esse
231 3835 392 3890 mortitam
415 3834 504 3890 simile
526 3849 611 3907 quam
635 3850 777 3890 somnum.
799 3838 882 3908 Atqui
907 3836 1104 3893 dormientium
1126 3838 1214 3893 animi

55 3920 183 3977 maxime
201 3920 343 3977 deelarant
357 3919 530 3975 divinitatem
545 3935 637 3976 suam.
655 3920 742 3976 Multa
756 3921 848 3992 euim,
865 3938 950 3994 quum
967 3925 1073 3981 remissi
1095 3932 1122 3979 et
1137 3924 1212 3980 liberi

53 4016 140 4077 sunt,
155 4007 248 4064 lotura
267 4008 445 4080 prospiciunt.
464 4011 504 4063 Ex
526 4024 582 4080 quo
602 4008 765 4082 intelligitur
783 4011 878 4081 quales
895 4010 979 4066 futuri
999 4011 1057 4066 sint
1075 4028 1161 4082 quum
1183 4028 1213 4067 se

55 4096 139 4168 piam
148 4111 300 4169 corporum
311 4095 426 4153 vinculis
437 4096 630 4153 relaxaverint.
640 4136 664 4152 ..
677 4137 682 4148 .
