2790 4770
572 282 774 346 -267-

144 422 328 501 Academia,
345 423 437 501 1ih.1‚
460 441 529 502 cap.
543 427 561 486 5
576 441 583 485 t
599 427 693 486 -Ut
710 424 743 484 in
765 423 908 505 pedibus,
931 423 1143 497 celeritatem
1170 422 1245 497 vim,

104 529 137 592 in
154 531 313 607 manibus;
330 532 518 610 claritatem,
539 531 571 592 in
583 549 675 606 voce3
692 532 724 592 in
742 533 847 612 lingua
869 533 964 594 ctiam
980 534 1177 613 explanatam
1192 546 1248 591 vo·

104 656 179 709 cum
196 643 431 719 impressionem.
458 674 498 687 -
510 643 611 702 Paulo
635 648 701 718 post
715 661 724 702 .·
740 643 864 703 Naturae
887 644 1065 704 celeritatem
1083 641 1124 702 uel
1137 640 1249 699 disoeu‘
1353 707 1355 711 ¹

104 748 177 810 ctum
191 754 223 811 ct
235 750 423 811 memoriam
437 750 568 812 dabant.
632 819 634 823 y
663 770 665 774 ⁴

145 855 252 928 Cicero
270 855 397 917 Τύπωσιν
410 857 462 918 hic
477 857 615 919 reddidit
627 860 866 934 impressionem3
881 856 1033 935 Eipiieuu
1047 860 1166 930 autern,
1181 855 1254 915 eele-

104 965 224 1024 ritatem
236 964 278 1024 od
291 962 467 1025 discendum
482 983 488 1025 :
504 982 600 1043 quam
619 963 693 1024 alibi
711 980 774 1024 uno
788 963 883 1025 verbo
906 963 1087 1023 docilitatem
1102 961 1252 1040 appellat.

106 1069 156 1148 (H.
178 1072 302 1155 Steph.)
330 1144 334 1151 ‚

145 1179 272 1256 Ibidem,
303 1197 372 1258 cap.
400 1182 497 1242 5:-
523 1181 692 1259 inquibus
716 1183 783 1241 crat
807 1178 1007 1258 philosophia
1033 1179 1112 1258 ipsa,
1136 1180 1169 1240 in
1195 1196 1257 1258 qua

105 1288 192 1368 quod
206 1287 390 1350 inchoatum
415 1294 462 1351 est
474 1305 577 1369 neque
589 1289 780 1366 ahsolutum,
791 1291 965 1368 propressio
979 1289 1127 1368 quadam
1135 1287 1182 1349 'ad
1195 1287 1259 1351 vir-
1308 1357 1311 1364 ,

105 1399 207 1468 tutem
225 1397 413 1476 appellatur.
816 1474 820 1480 .

147 1504 247 1574 Quam
262 1505 371 1567 Cicero
382 1507 619 1585 promessionem
630 1505 778 1585 appellat,
795 1503 925 1585 Προκοπὴ
939 1521 1041 1583 graecc
1061 1501 1190 1565 dicitur.

146 1611 215 1674 Lib.
231 1614 255 1689 l,
271 1630 339 1691 cap.
357 1617 375 1673 'l
400 1631 407 1672 ε
437 1648 476 1658 -
493 1615 638 1688 «Earum
664 1611 760 1692 igitur
787 1613 973 1692 qualitatum
990 1616 1063 1673 sunt
1084 1611 1154 1672 aliae
1169 1610 1257 1690 prin-

107 1717 205 1798 cipes,
222 1718 292 1780 aliae
310 1719 396 1780 exiis
411 1725 501 1782 ortae.
514 1720 677 1800 Principes
691 1727 763 1783 sunt
777 1721 959 1782 uniusmodi
976 1726 1007 1782 ct
1022 1721 1195 1800 simplices.
1213 1723 1259 1782 Ex

108 1823 146 1885 iis
157 1830 264 1887 autem
279 1829 370 1901 ortae,
396 1824 489 1887 variae
505 1831 631 1901 suntet
652 1825 740 1906 quasi
755 1826 972 1907 multiformes.
989 1847 1004 1884 n
1021 1859 1062 1871 -
1075 1826 1185 1886 Cicero
1202 1841 1259 1904 pro

110 1951 215 2026 gracco
229 1934 360 1996 nominc
375 1936 527 2001 dolositate
540 1936 674 1997 latinum
689 1935 886 2010 multiformes
896 1953 1014 2014 ponere
1033 1934 1131 1995 voluit
1146 1953 1153 1995 :
1171 1934 1261 2012 cujus

13 2108 17 2113 ,
68 2076 72 2082 ·
109 2050 146 2107 ut
168 2045 340 2106 novitatem
363 2045 599 2123 quadammodo
625 2050 802 2120 excusaret,
824 2047 917 2124 quasi
943 2044 1031 2107 dixit.
1066 2045 1112 2119 (H.
1132 2043 1256 2120 Steph.)

111 2183 152 2198 ·-
162 2152 263 2213 Paulo
268 2159 339 2231 post
355 2151 438 2231 (cap.
453 2150 482 2230 7)
502 2171 508 2211 :
531 2172 545 2208 «
557 2151 618 2213 Sed
638 2150 811 2230 subjectam
825 2156 936 2230 putant
950 2149 1095 2212 omnibus
1110 2149 1177 2210 sinc
1194 2150 1258 2209 ulla

112 2260 230 2340 specie,
252 2264 346 2338 atquc
372 2265 523 2320 carentem
545 2265 625 2319 omui
646 2262 701 2320 illo
730 2261 876 2340 qualitate
897 2260 1061 2339 (iaciamus
1076 2259 1162 2320 enim
1178 2263 1264 2320 trac-

114 2365 1260 2449 tandousitatiushocvcrhumcitritius)motoriumquemdum...u-²'lluv
1304 2356 1306 2360 ’

112 2454 206 2533 ductor
217 2474 297 2536 dixit
309 2475 419 2537 Cicero
434 2479 590 2535 materiem
604 2480 684 2535 orrtni
703 2476 848 2554 qrtolitote
862 2482 1025 2537 eoreutem.
1039 2475 1181 2535 —Poulo
1190 2477 1262 2551 post

116 2582 196 2660 (cap.
213 2586 244 2659 7)
261 2601 268 2641 :
284 2583 324 2643 Et
338 2588 499 2642 materiem
522 2587 619 2661 ipsum
644 2589 739 2644 totum
757 2588 879 2662 penitus
898 2586 1076 2643 commutari
1088 2584 1213 2659 putent,
1239 2584 1269 2640 et

113 2691 171 2751 illc
184 2687 274 2768 effici,
291 2708 356 2768 quse
371 2692 526 2768 appelleret
536 2691 651 2770 quotie.
669 2713 682 2749 u
698 2724 738 2736 ·-
751 2692 860 2752 Cicero
880 2707 936 2770 per
949 2690 1055 2770 puelia
1069 2686 1219 2767 intelligit
1234 2684 1267 2746 τὰ

115 2795 187 2857 llari
201 2795 250 2869 vel
273 2795 466 2876 lleuoanpivo.
475 2793 515 2842 ’-
527 2797 628 2858 Paulo
639 2802 778 2876 superius
796 2799 877 2879 (cap.
897 2798 947 2878 7):
969 2819 985 2856 n
998 2798 1079 2876 Ergo
1095 2796 1147 2856 illa
1161 2794 1263 2869 initia,

117 2909 159 2981 et,
171 2909 207 2966 ut
221 2922 322 2984 graece
336 2910 468 2980 vertam,
488 2907 632 2965 elemento
645 2905 804 2967 dicuntur.
822 2926 838 2962 a
857 2907 981 2983 Στοιχεῖα
995 2921 1109 2983 graecc.

157 3013 231 3091 Gap.
260 3015 321 3074 lo:
345 3013 441 3073 -Dc
466 3015 593 3073 Zenone
622 3013 784 3092 loquens:
821 3015 1099 3088 adolescentem,
1129 3013 1187 3074 etsi
1207 3029 1267 3074 nec
1320 3017 1323 3024 '

116 3119 210 3196 bona,
234 3137 294 3181 nec
317 3121 399 3181 mala
416 3126 532 3196 essent,
556 3117 664 3182 tamen
687 3123 747 3182 alia
771 3124 945 3184 secundum
961 3127 1105 3184 naturam
1127 3121 1265 3194 dicebat,

115 3227 178 3289 alia
190 3233 308 3288 acturae
328 3246 388 3288 esse
407 3231 573 3291 coutroric.
589 3228 629 3290 lis
645 3228 721 3308 ipsis
734 3230 795 3290 alia
814 3229 977 3309 interjecta
993 3234 1024 3290 et
1038 3230 1144 3289 media
1156 3244 1268 3288 nume-

116 3336 216 3398 rabat.
249 3333 321 3411 Quae
341 3337 619 3397 cutemsecuudum
632 3346 774 3398 uotiuum
795 3344 901 3413 esseut,
925 3355 962 3398 ca
977 3338 1132 3397 sumenda
1150 3341 1181 3397 ct
1195 3354 1270 3415 qua-

116 3445 190 3505 dam
203 3443 411 3504 aestimatione
427 3442 584 3521 dignanda
596 3444 745 3520 docclaat3
771 3450 944 3522 contraque
959 3444 1117 3505 contraria
1134 3463 1140 3504 :
1158 3449 1269 3505 neutra

117 3555 223 3613 autem
241 3550 274 3610 in
296 3549 408 3611 mediis
437 3549 651 3630 relinquebat:
686 3552 718 3611 in
745 3553 859 3630 quibus
878 3552 1016 3629 ponebat
1043 3550 1270 3611 nihilomnino

117 3673 185 3718 esse
205 3655 370 3716 momenti.
390 3656 450 3716 Sed
477 3674 548 3734 quac
570 3662 674 3717 essent
699 3658 864 3731 sumenda,
891 3675 927 3717 cx
944 3656 981 3717 iis
1005 3653 1179 3735 aliaplnris
1202 3671 1270 3714 csse
1296 3644 1300 3650 ’

118 3765 313 3835 aestimanda,
343 3764 404 3824 alia
425 3764 567 3824 minoris.
599 3767 673 3837 Quae
700 3765 808 3843 pluris,
829 3783 864 3825 ea
886 3763 1056 3844 praeposita
1072 3763 1267 3843 appellabat;

118 3870 235 3949 rejecta
249 3876 367 3945 autern,
389 3888 462 3950 quac
478 3870 621 3931 minoris.
641 3890 657 3927 u
924 3861 926 3864 ⁴

157 3974 205 4036 Eo
219 3993 284 4054 quae
292 3981 589 4050 mturaoououmu,
601 3975 737 4056 Ἀλλότρια
748 3975 863 4051 Stoici;
880 3995 945 4055 puae
956 3995 1024 4037 vero
1038 3976 1203 4037 secuudum
1216 3994 1272 4036 uo-

118 4089 218 4144 torum
231 4091 328 4144 esseut
343 4084 440 4143 Οἰκεῖα
453 4083 669 4162 appellabant.
686 4084 735 4164 (H.
752 4084 876 4165 Steph.)
999 4149 1001 4152 Α

158 4194 247 4254 Idem
264 4193 366 4253 Cicero
380 4195 413 4252 iu
429 4192 555 4253 Lucullo
572 4191 653 4272 (cap.
674 4192 719 4273 la)
744 4213 750 4254 :
772 4196 877 4254 Οἰκεῖον
897 4195 1152 4256 oerormuorlotum
1165 4193 1206 4253 orl
1220 4211 1274 4253 ua·

118 4305 222 4362 turem
232 4300 472 4379 interpretatum
490 4301 546 4362 ubi
561 4301 605 4362 ait
622 4321 628 4362 :
650 4324 665 4361 r
679 4303 757 4363 Nam
771 4321 834 4381 quo
849 4303 945 4365 modo
958 4321 1022 4363 non
1035 4306 1140 4380 potest
1155 4301 1272 4363 animal
