2790 4770
545 277 746 339 -105-

61 420 190 482 ratione
205 416 404 482 commodius
427 419 476 480 tot
487 415 629 479 siderum
653 414 795 494 nomina,
811 419 860 479 tot
882 415 986 480 varios
1000 416 1087 494 situs,
1109 420 1158 481 tot
1179 419 1221 480 la·

61 527 172 606 bores,
189 527 342 591 memoria
357 525 630 606 comprehendere
643 524 821 607 potuissent
839 522 889 607 (Ι).

107 637 218 699 Cicero
245 635 418 699 admodum
448 633 700 698 adolescentulus
720 632 761 713 (2)
787 636 902 696 Aratea
924 633 1046 698 Eudoxi
1067 632 1222 714 ψαινόμενα

62 760 212 807 sermone
227 741 324 805 latino
340 741 518 804 illustravit.

107 853 265 925 Quantum
296 850 381 911 illius
408 847 638 930 interpretandi
655 849 770 912 modus
800 847 1021 930 indiligentem
1044 848 1222 913 Germanici

63 965 195 1040 superet
209 959 430 1046 imitationem,
444 975 482 1020 ex
494 956 684 1038 quibusdam
695 957 773 1019 locis
788 956 871 1020 inter
879 976 912 1021 se
924 957 1221 1039 collatisperspioue

63 1068 215 1130 vidimus.
237 1067 392 1147 Equidem
424 1064 561 1128 libenter
584 1065 762 1128 Germanici
787 1066 929 1128 carmina
947 1067 986 1148 (3)
1008 1067 1140 1148 perlegi,
1157 1084 1222 1129 non

65 1177 172 1238 solum
193 1175 266 1256 quia
286 1173 345 1236 viri
366 1170 565 1235 celeberrimi
594 1189 691 1251 opera
714 1170 803 1234 novis
829 1172 973 1235 animum
991 1173 1138 1237 irretiunt
1152 1175 1222 1238 ille·

65 1282 182 1358 cebris,
197 1283 251 1342 sed
267 1281 363 1343 etiam
383 1281 467 1360 quod
485 1279 596 1342 Ovidio
617 1280 806 1360 plerumque
819 1279 931 1343 similis
945 1281 1115 1345 verborum
1130 1282 1222 1363 copia

64 1395 98 1452 et
113 1389 242 1452 lenitate
264 1389 401 1469 quadarn
422 1385 570 1467 aequabili
594 1385 633 1468 (l)
655 1387 768 1467 placet.

107 1501 150 1560 At
164 1498 293 1560 omnino
315 1496 427 1559 absunt
450 1495 490 1558 ab
514 1494 576 1557 illis
596 1496 738 1558 versibus
762 1494 927 1575 diligentia
948 1515 987 1560 ac
1007 1497 1134 1561 dicendi
1150 1498 1221 1561 bre-

64 1608 163 1682 vitas3
191 1623 227 1667 ac
243 1622 371 1685 perraro
398 1603 503 1667 evenit
525 1608 561 1666 ut
574 1603 727 1665 vocabula
746 1607 800 1665 aut
824 1621 934 1666 sensus
951 1605 1039 1667 Arati
1065 1605 1157 1667 nobis
1170 1624 1222 1668 rc·

66 1717 269 1794 praesentent.
299 1711 379 1786 Quid
400 1709 505 1772 dicam
521 1710 560 1772 de
583 1711 618 1771 1⁴¹.
636 1709 765 1785 Avieno,
784 1710 839 1790 qui
858 1729 971 1791 parurn
985 1712 1117 1774 latinam
1131 1731 1223 1776 ener-

65 1827 233 1901 vatamque
258 1820 399 1900 ejusdem
428 1819 533 1897 operis
556 1816 727 1901 aapdppaea
753 1819 865 1881 dedit?
889 1821 953 1882 isto
971 1837 1045 1882 sane
1065 1838 1138 1882 cum
1154 1839 1224 1884 car-

66 1931 153 1993 mine
180 1933 362 2009 comparata
390 1926 551 1990 Ciceronis
576 1927 785 1998 Pbaenomena
801 1927 975 1990 admodum
995 1929 1128 2007 pulchra
1142 1930 1223 1992 aesti-

66 2040 204 2098 mantur.
238 2034 270 2096 Si
296 2050 381 2109 vero,
401 2031 479 2113 quid
504 2048 561 2111 per
575 2049 609 2093 se
623 2033 745 2094 valeant
760 2032 936 2112 intelligere
953 2034 1103 2109 volueris,
1122 2035 1222 2098 multo

66 2144 225 2209 minorem
241 2145 274 2205 in
300 2145 361 2206 hoe
384 2143 537 2223 opusculo
563 2141 665 2203 inesse
689 2138 839 2203 virtutem
861 2139 986 2203 fatearis
1008 2159 1137 2205 necesse
1161 2150 1218 2207 est.

65 2256 176 2316 Plures
200 2253 286 2315 enim
307 2269 413 2315 versus
434 2252 545 2329 inopes
563 2249 715 2330 missique
738 2267 853 2329 magno
868 2268 943 2313 cum
962 2254 1114 2332 pondere,
1129 2258 1165 2316 ut
1178 2253 1222 2316 ait

65 2362 230 2439 Horatius,
246 2361 396 2441 ignoratae
422 2359 496 2422 artis
519 2358 653 2421 crimine
670 2358 855 2421 Ciceronem
876 2366 1034 2440 premunt.
1051 2364 1121 2424 Non
1135 2363 1224 2426 deest

64 2466 113 2529 illi
144 2466 289 2546 quaedam
315 2465 485 2528 verborum
512 2463 683 2545 elegantia3
706 2469 739 2527 at
752 2465 806 2526 illa
826 2466 1000 2546 plurimum
1019 2468 1161 2531 laborem
1176 2487 1223 2532 ar·

64 2571 148 2655 guit,
172 2587 274 2655 neque
303 2572 396 2635 claris
418 2571 566 2634 distincta
588 2569 752 2635 sententiis
774 2573 879 2638 elucet
894 2574 995 2638 oratio
1010 2575 1060 2657 (5).
1076 2576 1224 2640 Admira-

100 2924 139 2987 (1)
159 2919 273 2973 «Sufficit
286 2920 385 2988 operi».
403 2917 487 2983 Quint.
500 2925 560 2970 Insa.
577 2922 654 2979 Orat„
670 2918 701 2980 X,
718 2922 741 2971 1.

101 3009 139 3073 (2)
156 3027 168 3052 a
180 3006 250 3066 Utar,
268 3005 349 3074 inquit
361 3005 460 3068 Balbus,
471 3004 620 3056 carminibus
631 3003 700 3056 Arati
712 3004 758 3070 eis,
770 3021 824 3073 quaa
835 3021 850 3055 a
861 3014 887 3057 te
899 3005 1031 3058 admodum
1043 3007 1224 3061 adolescentulo

59 3107 194 3153 conversa,
210 3091 245 3142 ita
262 3106 302 3141 me
321 3090 452 3153 delectant,
469 3089 527 3156 quia
542 3089 629 3141 Latina
646 3098 711 3151 sunt,
728 3098 756 3141 ut
773 3089 851 3141 multa
868 3106 898 3142 cx
915 3090 946 3142 iis
958 3092 1076 3144 memoria
1091 3101 1194 3145 teneam.
1209 3115 1222 3140 n

59 3175 131 3244 (cic.
148 3171 179 3223 de
193 3176 251 3224 Nat.
265 3179 351 3236 Beer„
364 3171 396 3235 Il,
412 3175 455 3235 lt,
472 3172 541 3238 tol.)

97 3262 135 3326 (3)
155 3259 327 3311 Germanicum
340 3267 438 3326 poetam
450 3258 614 3321 Quintilianus
627 3258 780 3326 amplissimis
793 3257 888 3311 extollit
898 3258 1018 3310 laudibus.
1031 3260 1223 3313 «Germanicum

55 3346 211 3412 Augustum,
222 3345 312 3410 inquit,
328 3344 359 3395 ab
368 3341 487 3394 institutis
497 3341 583 3393 studiis
594 3341 693 3393 deflexit
703 3358 762 3392 cura
775 3352 906 3406 terrarum,
921 3360 1056 3412 parumque
1073 3344 1124 3395 iliis
1144 3346 1223 3397 visum

54 3442 97 3483 est
106 3446 161 3481 esse
172 3446 231 3480 eum
243 3429 377 3480 maximnm
388 3438 562 3496 poetarum...
575 3448 588 3472 a
600 3428 669 3493 (Insa
682 3431 762 3488 orca,
774 3428 805 3492 li,
824 3431 846 3479 1.
862 3430 911 3491 91).

93 3515 135 3583 (4)
155 3514 200 3564 liic
213 3530 291 3565 unum
304 3513 440 3582 epluribus
448 3514 529 3565 locum
538 3512 656 3578 (versibus
667 3514 712 3563 507
727 3521 751 3563 et
760 3529 813 3580 sqq.
821 3513 891 3565 Arati
900 3516 1097 3583 respondentem)
1106 3515 1219 3584 profero:
1301 3520 1306 3527 “

371 3630 420 3669 inde
428 3628 547 3677 sagittlicro
556 3632 625 3668 tentam
634 3628 756 3668 curvabitur
768 3638 836 3677 arcus,

372 3689 424 3741 Qui.
436 3689 511 3729 solitus
519 3699 589 3729 musas
598 3688 693 3728 venerari
703 3688 796 3736 supplice
805 3690 887 3738 plausu,

372 3756 472 3800 aooeptm
480 3753 531 3792 coelo
540 3751 632 3792 Pboebels
641 3752 699 3792 ardet
708 3752 732 3791 in
742 3751 818 3800 armls;
891 3797 894 3801 ,

370 3815 474 3857 cochlldis
487 3815 590 3862 inventor,
601 3817 662 3863 ouius
673 3814 756 3855 Titania
765 3817 816 3856 datu

355 3899 360 3905 -
371 3878 445 3919 Proeiia
455 3877 561 3918 commisit
570 3877 670 3917 Diuorum
679 3877 747 3918 laetior
758 3882 816 3925 atas,

370 3935 484 3980 bellantem
494 3937 682 3985 commatationem,
694 3937 778 3986 pletatis
786 3939 894 3988 bonorem,

370 4001 398 4040 Ut
407 3999 472 4039 inerit
480 4000 575 4048 genium
584 3998 658 4045 torma,
668 3999 698 4038 sic
707 3998 782 4047 sidere,
794 3999 864 4048 coepit.

370 4062 417 4111 iiic,
428 4065 528 4110 Auguste,
538 4065 599 4100 tunm
607 4059 694 4109 genitali
703 4070 789 4109 corpore
802 4071 880 4104 numen

370 4125 475 4167 anonimo
484 4125 539 4166 inier
549 4127 621 4174 gentes
631 4122 762 4173 patriamque
771 4128 880 4173 paventem

369 4190 393 4230 in
406 4189 480 4230 coelum
489 4189 541 4230 tulit
548 4192 569 4229 et
578 4187 678 4228 maternis
691 4187 781 4229 reddidit
786 4187 858 4230 astris.

80 4295 125 4362 (5)
146 4289 227 4368 Culpa
238 4288 337 4355 quidem
349 4287 515 4341 tramierenda
528 4287 599 4341 estin
611 4286 723 4354 Aratum,
730 4288 773 4357 qui
785 4304 895 4342 sermone
904 4307 954 4343 non
967 4290 1024 4344 satis
1035 4299 1119 4361 aperto
1128 4291 1215 4348 utitur.
