2790 4770
391 365 411 399 ο
611 364 788 426 ..76-

231 504 412 608 Επτοίποροι
427 505 462 583 δὲ
476 518 562 611 ταίγε
583 521 650 609 μετ’
667 515 842 606 ἀνθρώπους
860 504 1015 598 ὑδέονται,

230 634 265 719 ἕξ
278 634 341 707 οἷαί
355 666 409 734 περ
432 645 534 710 ἐοῦσαι
546 638 671 733 ἐπόψιαι
689 640 900 732 ὀφθαλμοῖσιν.

229 767 277 831 Οὐ
291 766 346 856 μίν
356 792 421 846 πως
437 767 595 836 ἀπόλωλεν
610 767 741 845 ἀπευθὴς
760 769 794 832 ἐκ
809 764 877 844 Διὸς
892 764 1008 855 ἀστὴρ,

124 893 189 959 260
230 881 263 967 ἐξ
282 888 317 959 οὗ
341 891 394 960 καὶ
406 893 543 987 γενεῆθεν
558 895 720 986 ἀκούομεν,
736 887 817 959 ἀλλά
832 890 905 983 μαλ’
920 895 1018 969 οὕτως

231 1012 354 1110 εἴρεται.
373 1002 466 1087 Erre&
480 1009 508 1084 θ’
526 1023 635 1086 ἐκεῖναι
655 1008 819 1111 ἐπιρρήδην
840 1019 1001 1085 καλέονται
1073 1037 1075 1041 ’

230 1129 371 1217 Ᾰλκυόνη
394 1143 525 1237 Μερόπη
542 1169 576 1210 τε
593 1148 733 1212 Κελαινώ
750 1147 778 1211 τ’
792 1129 935 1236 Ἠλέκτρη
957 1168 991 1210 τε

230 1266 282 1334 καὶ
296 1267 433 1360 Στερόπη
450 1268 502 1336 καὶ
520 1271 663 1364 Τηϋγίτη
679 1268 731 1336 καὶ
744 1269 855 1337 πότνια
869 1271 971 1336 Μαῖα.

231 1393 270 1462 Αἱ
286 1393 340 1487 μὲν
356 1399 438 1486 όμῶς
457 1393 558 1488 ολίγαι
576 1396 628 1463 καὶ
647 1397 802 1491 ἀφεγγέες,
820 1396 889 1462 ἀλλ’
905 1395 1077 1487 όνομασταὶ

126 1517 188 1587 265
227 1512 278 1610 ἦρι
292 1516 344 1584 καὶ
364 1520 512 1612 ἑσπέριαι,
526 1520 598 1599 Ζεὺς
616 1511 646 1586 θ’
664 1520 773 1602 αἴτιος,
787 1518 983 1600 εἱλίσσονται,

230 1644 248 1708 ό
266 1666 351 1735 σρισι
365 1643 417 1710 καὶ
433 1643 532 1737 θέρεος
553 1644 605 1714 καὶ
622 1644 773 1739 χείματος
793 1646 974 1738 ἀρχομένοιο

230 1765 385 1861 σημαίνειν
400 1769 552 1836 ἐκέλευσεν
567 1770 768 1863 ἐπερχομένου
783 1769 814 1835 τ’
829 1769 967 1860 ἀρότοιο.

231 1892 295 1961 Καὶ
311 1894 413 1973 Χέλυς
425 1898 473 1971 ἥτ’
487 1895 575 1989 ὀλίγη
588 1908 595 1925 ’
613 1897 668 1970 τὴν
682 1891 741 1989 γὰρ
757 1899 785 1962 τ’
798 1895 843 1962 ἔτι
857 1892 909 1962 καὶ
923 1890 1008 1986 παρὰ
1024 1894 1117 1981 λίκνῳ

230 2003 361 2113 Ερμείης
380 2019 518 2111 ε’τόρησε,
537 2020 638 2114 Αιίρην
653 2010 689 2088 θέ
709 2043 759 2111 μιν
778 2015 840 2085 altre
856 2019 1009 2113 λέγεσθαι,

231 2136 292 2211 κοίθ
307 2134 338 2209 θ’
355 2143 440 2213 ἔθετο
458 2145 663 2240 προπάροιθεν
681 2145 825 2224 ἀπευθέος
844 2135 983 2213 εἰδώλοιο

229 2269 355 2358 οὐρανὸν
370 2268 552 2366 εἰσαγαγών.
572 2273 617 2338 Τὸ
634 2261 664 2336 θ’
683 2271 733 2338 ίπὶ
751 2273 905 2337 σκελέεσσι
918 2273 1053 2346 πέτηλον
1087 2315 1090 2321 ›

228 2393 355 2489 γοόνατί
372 2394 401 2462 οἱ
420 2405 516 2484 σκαιῷ
531 2392 657 2463 τελείει·
677 2400 795 2485 κεφαλή
815 2421 849 2489 γε
870 2397 923 2488 μὲν
941 2393 1018 2490 ἀκρη

229 2585 281 2642 Hae
292 2591 399 2655 septem
412 2584 492 2656 vulgo
506 2581 688 2656 perhibentur
701 2599 780 2641 more
794 2593 904 2642 vetusto
969 2610 971 2614 ’

230 2673 327 2742 stellae,
341 2681 492 2730 cernuntur
504 2689 568 2730 vero
583 2672 764 2744 serendique
780 2690 879 2745 parvae.

229 2768 268 2822 At
282 2780 339 2819 non
350 2762 485 2820 interiisse
494 2763 584 2837 putari
594 2764 721 2820 convenit
729 2779 832 2831 ,unam3

229 2854 277 2912 sed
291 2851 394 2911 frustra
406 2862 512 2911 temere
524 2869 541 2911 a
554 2854 636 2927 vulgo
648 2853 757 2910 ratione
770 2854 831 2911 sine
845 2855 898 2912 ulla

229 2951 336 3016 septem
349 2940 445 3011 dicier,
455 2951 486 2998 ut
496 2950 601 2999 veteres
615 2951 736 3012 statuere
750 2951 850 3016 poetae,

229 3041 333 3091 aeterno
347 3039 459 3088 eunotas
471 3045 529 3087 aero
540 3031 585 3103 qui
601 3032 715 3089 nomine
730 3029 865 3103 dignant(
882 3036 903 3100 l,

228 3123 364 3198 Alcyone,
378 3124 555 3192 Meropeque,
566 3120 687 3191 Celaeno,
703 3123 889 3193 Taygeteque,

228 3212 344 3283 Electra,
360 3215 538 3283 Steropeque‚
551 3211 632 3267 simul
644 3212 817 3268 sanctissima
830 3211 912 3273 Maia.

228 3304 280 3360 Hae
291 3310 389 3358 tenues
405 3316 486 3372 parvo
502 3300 624 3357 labentes
639 3300 745 3357 lumine
759 3302 866 3371 lucent3

230 3400 259 3449 at
271 3406 402 3465 maguum
414 3405 517 3446 nomen
530 3389 600 3463 signi
614 3390 776 3464 clarumque
791 3400 914 3464 vocatur,

230 3487 375 3552 propterea
389 3477 464 3550 quod
477 3487 505 3535 et
518 3477 623 3534 aestatis
637 3477 786 3549 praecordia
801 3479 918 3546 olarat,.1

229 3576 337 3641 etpost,
355 3567 462 3624 hiberni
479 3565 660 3640 praependens
670 3568 806 3638 temporis
820 3577 906 3636 ortus,

230 3656 361 3715 admonet
374 3664 405 3713 ut
420 3657 553 3714 mandent
564 3657 695 3714 mortales
709 3658 815 3714 semina
831 3658 921 3714 terris.

228 3746 296 3804 Inde
306 3745 386 3804 Fides
397 3747 493 3804 leviter
503 3747 589 3820 posita
600 3755 628 3803 et
642 3760 763 3804 convexa
777 3747 893 3816 videtur,

230 3836 385 3894 Mercurius
399 3836 488 3908 parvis
499 3837 537 3909 (2)
554 3837 683 3893 manibus
695 3852 779 3909 quam
793 3834 894 3892 dieitur
908 3835 975 3891 olim

232 3926 261 3983 in
276 3926 354 3982 cunis
366 3924 526 3996 fabricatus,
540 3926 569 3982 in
582 3926 635 3984 alta
645 3927 709 3983 sede
723 3927 837 3984 loeasse.

159 4127 195 4192 (1)
212 4148 224 4168 a
237 4125 361 4191 Signanti»
376 4123 481 4175 Grotius.

160 4211 197 4277 (2)
216 4231 229 4256 ο
246 4210 337 4260 Parvus
364 4244 422 4263 ....
448 4209 570 4260 infirmis..
589 4233 600 4252 »ι
618 4209 667 4259 εό.-
686 4208 708 4260 J.
732 4208 762 4258 V.
785 4208 895 4274 Leelerq.
912 4209 1005 4258 :Sed
1031 4207 1110 4258 Grotii
1131 4217 1155 4258 et
1177 4209 1285 4261 aliorum

126 4293 339 4346 emendatiorem
358 4293 462 4355 videtur,
487 4295 553 4360 quod
567 4293 681 4344 matus:
707 4295 797 4359 »παρὰ
813 4295 901 4358 λίκνῳ,
918 4317 930 4336 ι
952 4292 1112 4360 Apollodorus
1130 4293 1183 4356 (ill,
1202 4298 1239 4354 lo,
1258 4295 1285 4362 2)

126 4403 138 4427 u
152 4379 191 4434 eet
204 4385 249 4432 τοῦ
263 4380 357 4440 λίκνον,
372 4403 384 4424 ν
397 4408 429 4418 -·
441 4380 572 4446 Lucienus,
587 4403 598 4422 α
612 4379 636 4431 ἐν
652 4379 703 4436 τοῖς
715 4378 863 4447 σπαργάνοις
880 4402 892 4420 ν
905 4378 990 4430 dicunt
1003 4377 1108 4444 (orell).
