2790 4770
602 217 802 282 -167-

569 455 704 535 Ilia'ttlaaoc¹
719 457 827 525 Κρίτων.

175 603 210 671 Σ.
227 636 281 648 -
295 603 343 696 Τῇ
358 599 416 696 γοίρ
435 626 495 667 που
514 599 661 694 ὑστεραίᾳ
680 590 732 667 δεῖ
742 626 780 694 με
796 600 995 675 ἀποθνήσκειν
1014 599 1033 676 ἢ
1054 599 1075 693 εἶ
1092 595 1128 667 iv
1148 600 1220 695 ἔλθῃ
1241 602 1279 670 τὸ

116 733 241 796 πλοῖον.
1255 716 1257 722 ’
1284 726 1287 734 ’

174 855 217 919 Κ.
232 884 287 897 -
301 847 382 918 Φασί
398 850 435 947 γε’
453 875 504 919 τοι
520 840 559 926 ll
578 849 605 917 οἱ
625 851 742 919 τούτων
759 850 868 945 κύριοι.

175 979 211 1048 Σ.
227 1010 281 1022 -
296 978 343 1042 Ού
362 973 462 1043 τοίνυν
490 983 547 1055 τῆς
566 976 709 1053 ἐπιούσης
732 977 847 1069 ἡμέρας
872 969 957 1067 οἶμαι
985 975 1062 1043 αὐτὸ
1084 967 1178 1062 ἥξειν,
1197 973 1278 1044 αλλὰ

118 1113 180 1182 τῆς
209 1104 325 1197 ἑτέρας.
351 1098 566 1194 Τεκμαίρομαι
585 1089 621 1166 θὶ
642 1100 676 1166 ἔκ
702 1125 783 1178 τινος
811 1098 958 1181 ἐνυπνίου,
987 1097 1003 1167 ὃ
1028 1102 1148 1194 ἑώρακα
1175 1100 1278 1196 ὀλίγον

118 1224 271 1320 πρότερον
292 1225 408 1302 ταύτης
433 1232 489 1301 τῆς
515 1221 641 1301 νυκτός·
672 1221 725 1290 καὶ
743 1211 925 1299 κινδυνεύεις
950 1223 981 1288 ἐν
1006 1229 1103 1315 καιρῷ
1136 1247 1196 1290 τινι
1223 1226 1277 1291 οὐκ

117 1347 234 1445 ἐγεῖραί
247 1373 296 1442 με.

175 1476 217 1541 K.
234 1504 286 1516 --
300 1450 347 1539 fla
364 1461 399 1538 δὲ
419 1461 458 1547 θλ
478 1471 511 1538 τί
528 1471 563 1539 τὸ
579 1471 732 1556 ἐνύπνιον;

173 1598 208 1665 Σ.
225 1631 268 1644 -
282 1584 396 1664 Εθύκει
420 1594 465 1674 τίς
485 1622 537 1689 μοι
564 1599 639 1690 γυνλ
657 1595 868 1688 προσελθοῦσα
879 1600 959 1673 καλὴ
974 1595 1026 1664 καὶ
1040 1589 1169 1685 εὐειδὴς,
1181 1597 1276 1668 λευκὰ

118 1721 235 1817 ίμοίτια
246 1723 372 1816 ἔχουσα,
391 1723 518 1789 καλέσαι
536 1745 575 1813 με
592 1720 645 1788 καὶ
663 1718 777 1789 εἰπεῖν·
794 1716 820 1786 ὦ
841 1722 1022 1816 Σώκρατες,

276 1930 280 1936 .
318 1875 424 1956 Ἥματί
437 1899 482 1936 κεν
495 1881 611 1959 τριτάτῳ
624 1875 713 1951 Φθίην
725 1876 851 1959 ἒρίύωλον
863 1875 943 1943 ἵκοιο.

529 2089 591 2151 cic„
606 2055 638 2139 εία
653 2089 769 2150 Divinae„
783 2090 804 2156 1,
817 2094 859 2143 25.

152 2223 206 2279 Est
219 2219 294 2295 apud
304 2220 448 2277 Platonem
461 2220 599 2287 Socrates,
615 2235 702 2293 quum
714 2228 788 2276 esset
799 2220 828 2276 in
842 2219 966 2278 custodia
977 2220 1095 2295 publiea,
1108 2221 1201 2278 dicens
1211 2220 1274 2279 Cri*

112 2307 178 2367 toni
193 2325 244 2366 suo
258 2308 406 2380 familiari,
420 2309 472 2366 sibi
493 2316 558 2382 post
573 2308 686 2365 lerlium
701 2307 774 2365 diem
794 2325 853 2367 esse
872 2297 1063 2381 moriendumss
1080 2308 1180 2368 vidisse
1196 2327 1227 2368 sa
1245 2310 1275 2367 in

111 2398 235 2457 somniis
248 2397 454 2472 pulchritudine
470 2398 571 2455 eximia
586 2397 720 2456 feminam
738 2415 811 2472 quae,
828 2416 857 2456 se
871 2400 986 2459 nomine
999 2401 1152 2474 appellans,
1171 2398 1275 2458 diceret

112 2490 300 2549 Homericum
313 2489 464 2563 quemdam
476 2488 611 2562 ejusmodi
624 2506 756 2549 versum:

299 2615 416 2666 'tertiata
428 2614 506 2666 Plhioe
519 2625 648 2684 tempestas
661 2617 715 2667 laeta
729 2614 830 2666 locabit.

490 3029 624 3090 Πλάτωνος
635 3031 742 3094 Φαίδων,
754 3030 841 3096 νεφοίλ.
855 3033 896 3083 64.

171 3243 226 3258 -
240 3212 287 3277 Ού
306 3208 412 3295 πείθω,
430 3211 500 3301 ἔφη,
522 3206 547 3277 ὦ
566 3202 686 3304 ἄνδρες,
709 3209 867 3306 Κρίτωνα,
897 3215 937 3288 ὡς
963 3214 1023 3305 ἐγώ
1050 3211 1111 3304 εἰμι
1143 3210 1232 3294 οὗτος
1259 3220 1275 3283 ὁ

114 3338 327 3428 mapalium
347 3335 410 3401 νυνὶ
425 3327 653 3431 διαλεγόμενος,
672 3338 724 3404 καὶ
744 3328 928 3403 διατάττειν
950 3338 1080 3404 ἕκαστον
1102 3345 1164 3406 τῶν
1184 3344 1276 3434 λεγο-

116 3464 231 3554 μίνων,
249 3462 316 3528 ἀλλ’
332 3459 428 3529 οἴεταί
443 3488 480 3553 με
495 3467 607 3529 ἐκεῖνον
623 3457 711 3547 εἶναι,
727 3460 758 3528 ὃν
775 3459 883 3552 ὄψεται
900 3461 1004 3556 ὀλίγον
1019 3466 1145 3558 ὕστερον
1160 3467 1278 3559 νεκρὸν,

119 3587 175 3656 καὶ
196 3589 296 3682 ε’ρωτᾷ
323 3598 388 3665 πῶς
417 3578 523 3679 δεῖμα
544 3586 686 3654 θοίπτειν.
711 3567 774 3654 ὅτι
802 3579 832 3653 θ’
853 3591 912 3681 ἐγὼ
937 3588 1035 3654 πύλαι
1064 3589 1160 3658 πολὺν
1185 3591 1280 3688 λύγον

119 3711 306 3804 πεποίημαι,
330 3718 370 3789 ὡς
397 3704 520 3781 ἐπειδὰν
541 3709 602 3779 πίω
623 3712 659 3778 τὸ
680 3710 854 3804 φάρμακον,
879 3711 975 3779 οὐκέθ’
997 3716 1066 3805 ὑμῖν
1090 3726 1281 3809 παραμενῶ,

122 3838 194 3905 ἀλλ’
214 3836 380 3930 οἰχήσομαι
394 3837 490 3904 αἰπιὼν
506 3837 547 3916 εἰς
564 3835 710 3930 μακάρων
729 3825 770 3913 δή
784 3862 868 3915 τινας
884 3827 1091 3928 εὐδαιμονίας,
1110 3841 1212 3909 ταῦτοί
1229 3869 1284 3934 μοι

124 3953 210 4030 δοκῶ
229 3964 314 4047 αὐτῷ
330 3959 430 4041 ἄλλως
450 3965 559 4057 λέγειν.
574 3996 627 4007 -
643 3965 798 4030 Ιλὶιιειηιιῑ
817 3983 890 4031 ante
909 3993 916 4030 :
939 3959 1089 4055 Θοίψομεν
1108 3953 1143 4031 θὲ
1162 3966 1231 4033 τίνα
1250 3968 1285 4034 σὲ

125 4088 241 4178 τρόπον
254 4113 263 4172 ;
278 4120 332 4131 -
350 4089 433 4166 ὅπως
449 4080 498 4175 ἂν,
517 4089 587 4180 ἔφη,
605 4086 773 4172 βούλησθε·
793 4084 845 4155 liv
867 4112 923 4179 περ
937 4112 972 4180 γε
987 4081 1107 4161 λοίύητί
1119 4113 1158 4181 με
1176 4088 1284 4184 καὶμὴ

127 4214 249 4306 ἐκφύγω
268 4215 359 4301 ὑμᾶς.
