2790 4770
584 318 785 382 —lll—

105 463 180 523 culo
195 460 238 542 (l)
253 453 435 542 prosodiam
456 461 535 522 nihil
549 461 589 520 ad
603 458 837 538 pronuntianda
848 458 942 520 verba
957 457 1099 533 valuisse,
1117 474 1155 518 ac
1167 473 1263 535 penes

105 574 276 632 accentum
292 575 392 632 totam
421 569 515 631 fuisse
542 567 696 630 sermonis
723 566 994 629 dominationem?
1013 566 1179 638 Quomodo
1194 581 1266 642 pro·

107 679 232 741 sodiam
244 678 356 742 vicerit
367 683 527 754 accentus,
543 677 587 740 ita
601 681 636 739 ut
648 676 702 738 hic
716 680 840 738 tantum
852 675 884 735 in
899 672 1131 737 recentioribus
1149 671 1264 752 linguis

108 786 315 849 dominetur?

148 891 226 957 Mihi
240 911 314 954 sane
328 910 394 955 non
419 897 539 954 tantum
555 909 646 953 sumo
658 895 692 952 ut
715 889 758 951 rei
771 889 968 969 perdifficilis
981 891 1102 952 nodum
1117 888 1266 968 expedire

107 1000 240 1075 valeam,
268 1017 367 1078 quum
391 997 449 1061 viri
467 1004 583 1079 praeter
606 1004 727 1061 ceteros
745 997 859 1059 eruditi
877 1015 991 1076 parum
1004 996 1036 1058 id
1051 996 1186 1059 assecuti
1200 995 1266 1058 lue·

109 1107 186 1168 rint.
216 1106 286 1168 lstis
313 1103 347 1166 in
375 1104 468 1167 rebus
495 1105 668 1167 admodum
689 1104 787 1178 rudis,
810 1121 867 1182 ego
891 1109 998 1164 tamen
1014 1103 1119 1165 dicam
1143 1120 1265 1182 eaquae

110 1213 224 1289 sentio,
261 1217 346 1274 certe
372 1229 500 1290 sperans
526 1229 577 1274 me
605 1213 652 1274 vel
681 1211 782 1291 gravis
808 1210 901 1272 errati
928 1209 1054 1272 veniam
1079 1209 1266 1288 impetratu-

112 1340 197 1384 rum.
842 1374 844 1378 ,

152 1430 199 1490 Ne
211 1428 257 1489 rei
267 1427 434 1489 materiam
453 1426 644 1506 ignorarem,
670 1442 766 1504 opera
781 1441 851 1505 quae
868 1424 1045 1486 doctissimi
1058 1425 1174 1489 artium
1196 1446 1269 1507 pro-

112 1539 248 1599 fessores
260 1535 300 1615 (2)
314 1537 355 1598 de
375 1534 526 1614 prosodia
539 1540 594 1597 aut
608 1539 741 1596 accentu
760 1533 964 1614 scripserunt,
980 1535 1111 1616 perlegi.
1137 1535 1219 1608 Quin
1237 1535 1268 1596 in

108 1643 205 1714 libris
222 1660 333 1704 eorum
356 1642 455 1703 multa
476 1641 540 1702 sint
555 1657 626 1720 quae
652 1657 710 1700 nos
740 1639 779 1701 ad
803 1636 1056 1719 investigandum
1082 1641 1271 1704 curiosiores

114 1750 308 1830 majorisque
327 1748 467 1811 scientiae
488 1748 620 1827 cupidos
635 1748 784 1824 efficiant,
810 1746 930 1809 nemini
949 1749 1085 1811 dubium
1097 1755 1144 1811 est
1165 1750 1271 1811 :unde

114 1861 234 1931 autem,
250 1856 299 1917 his
314 1853 545 1935 adjuvantibus,
572 1853 740 1932 quaestioni
758 1858 851 1920 antea
869 1855 1042 1933 propositae
1058 1855 1160 1935 planis
1174 1873 1211 1918 ac
1227 1854 1272 1916 di·

51 1937 55 1945 ·
115 1962 230 2025 lucidis
254 1961 521 2040 disputationibus
546 1961 730 2039 responderi
756 1966 863 2040 queat,
886 1960 963 2021 nihil
987 1961 1168 2024 habemus:
1197 1980 1271 2023 nam

116 2069 267 2149 pleraque
283 2069 373 2130 istius
393 2068 438 2131 rei
457 2069 559 2147 posita
573 2074 647 2130 sunt
663 2068 695 2129 in
718 2068 911 2148 conjectura.

157 2182 244 2244 Unus
259 2197 297 2241 ex
321 2180 360 2241 iis
377 2181 409 2242 in
438 2182 591 2261 opusculo
609 2180 662 2261 (3),
677 2180 762 2260 quod
783 2179 861 2241 mihi
878 2180 1015 2242 maxima
1028 2181 1121 2243 laude
1140 2182 1271 2262 dignum

116 2286 252 2362 videtur,
265 2274 421 2349 rationem
433 2287 539 2348 latinae
550 2286 709 2365 prosodiae
724 2287 918 2366 argumentis
933 2289 1047 2348 docere
1062 2288 1180 2364 voluit;
1200 2307 1271 2369 quae

117 2393 251 2473 quidem
273 2395 356 2473 apud
384 2412 434 2456 me
466 2393 639 2474 plurimum
657 2395 760 2456 valent
775 2393 830 2474 (4).
855 2397 1006 2456 Naturam
1025 2413 1099 2457 vero
1112 2399 1272 2458 Gramma·

118 2502 202 2564 tiens
214 2501 267 2563 ille
287 2499 337 2582 (5),
352 2520 416 2564 non
438 2501 594 2581 originem
612 2502 772 2581 prosodiae
795 2503 1041 2578 demonstravit3
1058 2521 1161 2583 neque
1182 2505 1273 2584 quid·

118 2624 217 2690 quam
234 2610 273 2670 de
285 2614 416 2671 accentu
435 2607 467 2668 in
483 2609 550 2689 ejus
564 2609 646 2670 thesi
662 2608 829 2688 reperitur.

156 2809 192 2872 (1)
211 2807 238 2856 ln
251 2806 355 2858 heroicis
368 2807 519 2873 temporibus
532 2824 578 2874 pro
591 2807 669 2858 nihilo
684 2807 796 2859 habitum
810 2808 882 2860 luisse
895 2819 1037 2870 accentum,
1058 2810 1176 2877 prosodioe
1191 2820 1274 2863 autem

119 2893 178 2944 solis
191 2893 283 2960 legibus
293 2893 423 2944 obstrictos
435 2909 518 2944 versus
531 2895 666 2946 constitisse
679 2904 760 2962 putat.

156 2979 193 3046 (2)
210 2979 345 3044 bergmauu
358 2977 458 3038 scilicet,
472 2979 501 3029 L.
516 2979 627 3030 Benloew
639 2989 663 3030 et
673 2980 704 3035 13..
716 2979 845 3031 lollianus.

155 3064 193 3129 (2)
209 3061 238 3112 F.
249 3061 280 3115 G.
291 3063 435 3130 Bergmann,
446 3061 477 3112 de
491 3068 551 3114 Arte
565 3075 588 3113 et
601 3064 717 3114 Doctrina
729 3063 860 3125 Prosodiae,
875 3065 1038 3131 argentorati,
1055 3069 1126 3119 tata.

157 3148 194 3213 (b)
211 3147 250 3198 llli
264 3149 359 3200 erudito
370 3149 424 3199 viro
436 3150 554 3200 assentior
566 3159 643 3201 totam
657 3151 856 3202 Dissertationem
869 3150 903 3201 ita
917 3151 1091 3204 concludenti:
1103 3174 1115 3198 n
1130 3151 1230 3204 Vocales
1249 3153 1276 3204 iu

121 3230 246 3300 principio
258 3232 343 3284 breves
354 3243 423 3295 sunt;
435 3250 592 3303 quecumque
600 3244 681 3286 autem
693 3252 742 3285 non
753 3252 864 3287 mansere
872 3236 957 3287 breves
965 3239 1087 3304 productae
1096 3249 1153 3290 sunt
1162 3248 1205 3290 aut
1212 3256 1273 3306 qua·

121 3319 180 3369 dam
194 3314 354 3370 declinatione
367 3311 523 3386 grammatica
538 3321 547 3386 (
554 3338 579 3388 p.
598 3324 637 3386 18,
652 3321 699 3372 hoc
711 3319 880 3372 declinationis
894 3320 1018 3373 exterioris
1032 3325 1170 3392 exemplum
1183 3326 1276 3377 affert:

121 3402 303 3454 Thema-Diva.
315 3408 370 3453 Lat.
382 3403 466 3467 Divus,
481 3405 577 3468 Daivus,
592 3405 689 3456 lleivus.
706 3408 782 3456 Graec.
799 3407 870 3472 θεῖος,
886 3410 978 3465 θαιΓος,
991 3411 1081 3467 detrec.
1096 3409 1279 3476 δαωσ.1)ἑναε)

121 3496 168 3539 aut
178 3487 325 3555 syllabarum
336 3486 402 3539 coitu
416 3490 451 3555 (p.
471 3492 521 3553 ta),
534 3499 577 3540 aut
590 3491 711 3557 positione
725 3492 761 3557 (p.
773 3495 805 3542 22
816 3501 842 3542 et
850 3491 902 3556 23),
919 3502 962 3544 aut
975 3494 1081 3561 denique
1094 3496 1160 3547 vocis
1171 3506 1279 3548 extremo

122 3571 212 3639 spiritu
224 3575 258 3639 (p.
274 3575 325 3639 26),
340 3573 388 3624 nisi
401 3575 539 3642 συναίρεσις
564 3576 598 3642 (p.
614 3576 656 3641 29)
672 3574 887 3626 consonantiumve
901 3577 1011 3629 finalium
1023 3579 1100 3631 virtus
1112 3582 1151 3631 vel
1164 3592 1278 3633 accentus

122 3657 164 3706 vel
176 3655 248 3706 metri
265 3656 393 3708 necessitas
406 3659 501 3708 easdem
514 3658 566 3709 lieri
580 3659 662 3726 longas
678 3658 840 3727 impediverit,
855 3671 898 3712 aut
910 3663 1005 3713 vocales
1014 3664 1067 3730 jam
1079 3665 1210 3732 productas
1224 3683 1279 3717 coe·

121 3738 187 3808 gerit
200 3749 228 3790 ut
240 3757 323 3790 rursus
335 3740 525 3808 corriperentur.
537 3763 549 3788 n
563 3742 618 3818 'Qua
631 3742 732 3810 quidem
745 3743 840 3793 ratione
851 3741 957 3795 efficitur
969 3754 998 3795 ut
1010 3746 1127 3814 prosodiae
1138 3748 1201 3816 leges
1214 3749 1279 3800 inter

122 3840 175 3876 sese
188 3841 262 3891 quam
272 3825 393 3893 aptissime
407 3827 552 3893 cohaereant,
567 3839 592 3880 et
603 3827 731 3880 dialectice
745 3828 863 3895 disputari
875 3827 976 3896 possint.

159 3912 196 3978 (5)
213 3911 240 3961 F.
257 3910 284 3962 G.
298 3911 443 3977 Bergmann,
459 3922 487 3963 ut
499 3915 595 3980 opinor,
616 3914 694 3982 prima
708 3913 779 3966 initia
792 3914 857 3964 illius
871 3915 996 3978 doctrina,
1011 3928 1059 3983 qua
1076 3934 1142 3969 nuuc
1162 3919 1234 3970 Zeuss
1250 3936 1278 3970 ac

123 3997 195 4063 Bopp
208 3997 341 4047 maximum
351 4014 439 4049 nomen
458 3999 484 4049 iu
497 3999 625 4067 philologis
638 3999 739 4059 habent,
758 4000 891 4052 inchoavit.
909 3999 986 4052 Hodie
1004 4002 1113 4072 plerique
1128 4004 1280 4071 grammatici

124 4103 139 4128 a
152 4082 248 4132 vocales
259 4082 286 4132 in
294 4082 415 4150 principio
429 4082 513 4134 breves
523 4101 572 4135 esse
583 4107 595 4130 n
603 4085 733 4136 affirmant.
744 4086 813 4152 Bnpp
823 4086 931 4137 vocalem
943 4111 954 4130 υ
964 4104 979 4138 a
988 4109 1000 4132 o
1009 4099 1144 4140 ceterarum
1153 4107 1203 4140 esse
1215 4091 1281 4158 priu-

123 4160 218 4228 cipium
230 4172 255 4213 et
267 4163 385 4230 originem
398 4175 469 4232 putat
482 4184 488 4217 ε
502 4168 573 4219 Zeuss
587 4169 645 4235 (vid.
659 4168 786 4233 Addenda,
798 4173 903 4221 Gramm.
913 4171 989 4232 Celt,
998 4190 1024 4239 p,
1039 4175 1111 4239 1134)
1123 4175 1218 4227 vocales
1229 4177 1280 4243 pri⁴

124 4245 242 4312 migenias
255 4263 279 4312 a,
292 4249 310 4310 i,
327 4265 354 4315 u,
369 4250 492 4312 discernit,
508 4252 542 4303 ita
554 4263 582 4304 ut
589 4277 600 4295 «
611 4270 626 4304 a
637 4275 648 4296 ι
664 4255 792 4320 producta,
805 4277 817 4301 «
829 4255 837 4305 i
848 4277 860 4296 a
872 4254 972 4323 iniecta,
983 4281 995 4300 α
1005 4275 1021 4308 u
1031 4280 1042 4302 a
1053 4268 1164 4325 correpta
1176 4259 1279 4313 dicatur.

125 4329 228 4383 vocales
239 4349 263 4396 e,
276 4350 301 4397 o,
316 4336 382 4402 apud
393 4335 465 4388 indos
475 4336 502 4389 in
513 4338 637 4391 elementis
648 4340 786 4393 litterarum
797 4341 928 4395 desiderari
939 4353 1043 4396 constat.
