<?xml version="1.0" encoding="UTF-8"?>
<!DOCTYPE html PUBLIC "-//W3C//DTD XHTML 1.0 Transitional//EN"
    "http://www.w3.org/TR/xhtml1/DTD/xhtml1-transitional.dtd">
<html xmlns="http://www.w3.org/1999/xhtml" xml:lang="en" lang="en">
 <head>
  <title>
</title>
<meta http-equiv="Content-Type" content="text/html;charset=utf-8" />
  <meta name='ocr-system' content='tesseract 3.04.00' />
  <meta name='ocr-capabilities' content='ocr_page ocr_carea ocr_par ocr_line ocrx_word'/>
</head>
<body>
  <div class='ocr_page' id='page_1' title='image "./demtciceronegrc00clavgoog_0049.png"; bbox 0 0 2806 4764; ppageno 0'>
   <div class='ocr_carea' id='block_1_1' title="bbox 607 363 783 428">
    <p class='ocr_par' dir='ltr' id='par_1_1' title="bbox 607 363 783 428">
     <span class='ocr_line' id='line_1_1' title="bbox 607 363 783 428; baseline 0.017 -18"><span class='ocrx_word' id='word_1_1' title='bbox 607 363 783 428; x_wconf 72' lang='lat'>..34-</span> 
     </span>
    </p>
   </div>
   <div class='ocr_carea' id='block_1_2' title="bbox 115 500 1305 2418">
    <p class='ocr_par' dir='ltr' id='par_1_2' title="bbox 115 500 1271 1128">
     <span class='ocr_line' id='line_1_2' title="bbox 119 500 1271 585; baseline 0.001 -24"><span class='ocrx_word' id='word_1_2' title='bbox 119 500 216 577; x_wconf 86' lang='lat' dir='ltr'><strong>mina,</strong></span> <span class='ocrx_word' id='word_1_3' title='bbox 246 503 332 565; x_wconf 90' lang='lat' dir='ltr'><strong>nulla</strong></span> <span class='ocrx_word' id='word_1_4' title='bbox 352 503 454 584; x_wconf 88' lang='lat' dir='ltr'><strong>adjuti</strong></span> <span class='ocrx_word' id='word_1_5' title='bbox 480 503 753 585; x_wconf 80' lang='lat' dir='ltr'><strong>interpretatione,</strong></span> <span class='ocrx_word' id='word_1_6' title='bbox 776 504 964 585; x_wconf 87' lang='lat' dir='ltr'><strong>potuissent.</strong></span> <span class='ocrx_word' id='word_1_7' title='bbox 984 503 1096 582; x_wconf 87' lang='lat' dir='ltr'><strong>ltaque</strong></span> <span class='ocrx_word' id='word_1_8' title='bbox 1107 505 1214 582; x_wconf 87' lang='lat' dir='ltr'><strong>grates</strong></span> <span class='ocrx_word' id='word_1_9' title='bbox 1228 500 1271 562; x_wconf 92' lang='lat' dir='ltr'><strong>illi</strong></span> 
     </span>
     <span class='ocr_line' id='line_1_3' title="bbox 118 609 1270 694; baseline 0.002 -25"><span class='ocrx_word' id='word_1_10' title='bbox 118 610 293 674; x_wconf 72' lang='lat' dir='ltr'><strong>referendas</strong></span> <span class='ocrx_word' id='word_1_11' title='bbox 305 616 390 689; x_wconf 91' lang='lat' dir='ltr'><strong>sunt,</strong></span> <span class='ocrx_word' id='word_1_12' title='bbox 408 629 480 694; x_wconf 83' lang='lat' dir='ltr'><strong>quae</strong></span> <span class='ocrx_word' id='word_1_13' title='bbox 493 613 597 694; x_wconf 89' lang='lat' dir='ltr'><strong>prima</strong></span> <span class='ocrx_word' id='word_1_14' title='bbox 611 613 785 694; x_wconf 77' lang='lat' dir='ltr'><strong>maioribus</strong></span> <span class='ocrx_word' id='word_1_15' title='bbox 811 612 926 676; x_wconf 92' lang='lat' dir='ltr'><strong>nostris</strong></span> <span class='ocrx_word' id='word_1_16' title='bbox 941 610 1071 675; x_wconf 86' lang='lat' dir='ltr'>Homeri</span> <span class='ocrx_word' id='word_1_17' title='bbox 1086 609 1179 672; x_wconf 84' lang='lat' dir='ltr'><strong>dedit</strong></span> <span class='ocrx_word' id='word_1_18' title='bbox 1197 625 1270 690; x_wconf 90' lang='lat' dir='ltr'><strong>poe·</strong></span> 
     </span>
     <span class='ocr_line' id='line_1_4' title="bbox 117 717 1271 804; baseline -0.001 -21"><span class='ocrx_word' id='word_1_19' title='bbox 117 727 202 785; x_wconf 90' lang='lat' dir='ltr'><strong>mata</strong></span> <span class='ocrx_word' id='word_1_20' title='bbox 224 721 307 785; x_wconf 90' lang='lat' dir='ltr'><strong>eain</strong></span> <span class='ocrx_word' id='word_1_21' title='bbox 335 721 529 802; x_wconf 86' lang='lat' dir='ltr'><strong>explicando·</strong></span> <span class='ocrx_word' id='word_1_22' title='bbox 546 721 721 804; x_wconf 78' lang='lat' dir='ltr'><strong>diligentia,</strong></span> <span class='ocrx_word' id='word_1_23' title='bbox 756 740 852 804; x_wconf 93' lang='lat' dir='ltr'><strong>quam</strong></span> <span class='ocrx_word' id='word_1_24' title='bbox 880 721 988 786; x_wconf 87' lang='lat' dir='ltr'><strong>cuncti</strong></span> <span class='ocrx_word' id='word_1_25' title='bbox 1008 724 1102 782; x_wconf 88' lang='lat' dir='ltr'><strong>antea</strong></span> <span class='ocrx_word' id='word_1_26' title='bbox 1120 717 1271 799; x_wconf 82' lang='lat' dir='ltr'><strong>interpre</strong></span> 
     </span>
     <span class='ocr_line' id='line_1_5' title="bbox 116 824 1269 912; baseline -0.007 -18"><span class='ocrx_word' id='word_1_27' title='bbox 116 836 164 894; x_wconf 93' lang='lat' dir='ltr'><strong>tes</strong></span> <span class='ocrx_word' id='word_1_28' title='bbox 187 828 230 912; x_wconf 89' lang='lat' dir='ltr'><strong>(l)</strong></span> <span class='ocrx_word' id='word_1_29' title='bbox 245 846 409 911; x_wconf 89' lang='lat' dir='ltr'><strong>nunquam</strong></span> <span class='ocrx_word' id='word_1_30' title='bbox 423 827 557 891; x_wconf 82' lang='lat' dir='ltr'><strong>assecuti</strong></span> <span class='ocrx_word' id='word_1_31' title='bbox 571 835 670 893; x_wconf 88' lang='lat' dir='ltr'><strong>erant.</strong></span> <span class='ocrx_word' id='word_1_32' title='bbox 692 830 837 912; x_wconf 79' lang='lat' dir='ltr'><strong>Magnam</strong></span> <span class='ocrx_word' id='word_1_33' title='bbox 856 829 1002 910; x_wconf 89' lang='lat' dir='ltr'><strong>prolecto</strong></span> <span class='ocrx_word' id='word_1_34' title='bbox 1019 824 1269 908; x_wconf 81' lang='lat' dir='ltr'><strong>suis&#39;aequalibus</strong></span> 
     </span>
     <span class='ocr_line' id='line_1_6' title="bbox 116 931 1270 1021; baseline -0.006 -17"><span class='ocrx_word' id='word_1_35' title='bbox 116 937 223 1004; x_wconf 88' lang='lat' dir='ltr'><strong>attulit</strong></span> <span class='ocrx_word' id='word_1_36' title='bbox 234 941 430 1021; x_wconf 88' lang='lat' dir='ltr'><strong>voluptatem</strong></span> <span class='ocrx_word' id='word_1_37' title='bbox 456 937 526 1001; x_wconf 85' lang='lat' dir='ltr'><strong>haec</strong></span> <span class='ocrx_word' id='word_1_38' title='bbox 538 938 656 1001; x_wconf 89' lang='lat' dir='ltr'><strong>mulier</strong></span> <span class='ocrx_word' id='word_1_39' title='bbox 674 938 799 1002; x_wconf 89' lang='lat' dir='ltr'><strong>erudita</strong></span> <span class='ocrx_word' id='word_1_40' title='bbox 812 938 897 1001; x_wconf 91' lang='lat' dir='ltr'><strong>haud</strong></span> <span class='ocrx_word' id='word_1_41' title='bbox 913 936 1043 1018; x_wconf 80' lang='lat' dir='ltr'><strong>indigna</strong></span> <span class='ocrx_word' id='word_1_42' title='bbox 1057 931 1185 999; x_wconf 89' lang='lat' dir='ltr'><strong>erudito</strong></span> <span class='ocrx_word' id='word_1_43' title='bbox 1202 952 1270 999; x_wconf 87' lang='lat' dir='ltr'><strong>eon·</strong></span> 
     </span>
     <span class='ocr_line' id='line_1_7' title="bbox 115 1063 203 1128; baseline 0.011 -19"><span class='ocrx_word' id='word_1_44' title='bbox 115 1063 203 1128; x_wconf 81' lang='lat' dir='ltr'><strong>Juge.</strong></span> 
     </span>
    </p>

    <p class='ocr_par' dir='ltr' id='par_1_3' title="bbox 115 1149 1305 2189">
     <span class='ocr_line' id='line_1_8' title="bbox 156 1149 1270 1237; baseline -0.006 -19"><span class='ocrx_word' id='word_1_45' title='bbox 156 1157 232 1229; x_wconf 81' lang='lat' dir='ltr'><strong>Qua</strong></span> <span class='ocrx_word' id='word_1_46' title='bbox 257 1170 356 1237; x_wconf 92' lang='lat' dir='ltr'><strong>quum</strong></span> <span class='ocrx_word' id='word_1_47' title='bbox 371 1153 417 1216; x_wconf 92' lang='lat' dir='ltr'><strong>ita</strong></span> <span class='ocrx_word' id='word_1_48' title='bbox 435 1152 508 1231; x_wconf 92' lang='lat' dir='ltr'><strong>sint,</strong></span> <span class='ocrx_word' id='word_1_49' title='bbox 537 1158 688 1234; x_wconf 86' lang='lat' dir='ltr'><strong>quantam</strong></span> <span class='ocrx_word' id='word_1_50' title='bbox 703 1154 799 1217; x_wconf 87' lang='lat' dir='ltr'><strong>luisse</strong></span> <span class='ocrx_word' id='word_1_51' title='bbox 814 1152 965 1216; x_wconf 85' lang='lat' dir='ltr'><strong>Romanis</strong></span> <span class='ocrx_word' id='word_1_52' title='bbox 976 1149 1270 1214; x_wconf 85' lang='lat' dir='ltr'><strong>admirationemae</strong></span> 
     </span>
     <span class='ocr_line' id='line_1_9' title="bbox 115 1259 1268 1342; baseline -0.006 -16"><span class='ocrx_word' id='word_1_53' title='bbox 115 1261 259 1326; x_wconf 86' lang='lat' dir='ltr'><strong>laetitiam</strong></span> <span class='ocrx_word' id='word_1_54' title='bbox 285 1268 377 1342; x_wconf 88' lang='lat' dir='ltr'><strong>putas</strong></span> <span class='ocrx_word' id='word_1_55' title='bbox 408 1279 446 1325; x_wconf 92' lang='lat' dir='ltr'><strong>eo</strong></span> <span class='ocrx_word' id='word_1_56' title='bbox 461 1261 513 1323; x_wconf 92' lang='lat' dir='ltr'><strong>die</strong></span> <span class='ocrx_word' id='word_1_57' title='bbox 534 1280 596 1341; x_wconf 89' lang='lat' dir='ltr'><strong>quo</strong></span> <span class='ocrx_word' id='word_1_58' title='bbox 625 1261 764 1341; x_wconf 88' lang='lat' dir='ltr'><strong>primum</strong></span> <span class='ocrx_word' id='word_1_59' title='bbox 787 1262 930 1326; x_wconf 89' lang='lat' dir='ltr'><strong>recitavit</strong></span> <span class='ocrx_word' id='word_1_60' title='bbox 953 1261 1128 1342; x_wconf 79' lang='lat' dir='ltr'><strong>odysseam</strong></span> <span class='ocrx_word' id='word_1_61' title='bbox 1151 1259 1268 1320; x_wconf 81' lang='lat' dir='ltr'><strong>Andro</strong></span> 
     </span>
     <span class='ocr_line' id='line_1_10' title="bbox 116 1369 1268 1451; baseline -0.003 -17"><span class='ocrx_word' id='word_1_62' title='bbox 116 1372 227 1436; x_wconf 84' lang='lat' dir='ltr'><strong>nicusl</strong></span> <span class='ocrx_word' id='word_1_63' title='bbox 240 1371 325 1434; x_wconf 85' lang='lat' dir='ltr'><strong>Nihil</strong></span> <span class='ocrx_word' id='word_1_64' title='bbox 339 1387 414 1433; x_wconf 90' lang='lat' dir='ltr'><strong>sane</strong></span> <span class='ocrx_word' id='word_1_65' title='bbox 429 1374 496 1434; x_wconf 88' lang='lat' dir='ltr'><strong>erat</strong></span> <span class='ocrx_word' id='word_1_66' title='bbox 509 1371 614 1451; x_wconf 85' lang='lat' dir='ltr'><strong>aptius</strong></span> <span class='ocrx_word' id='word_1_67' title='bbox 629 1373 669 1434; x_wconf 88' lang='lat' dir='ltr'><strong>ad</strong></span> <span class='ocrx_word' id='word_1_68' title='bbox 694 1373 941 1436; x_wconf 80' lang='lat' dir='ltr'><strong>delectationem</strong></span> <span class='ocrx_word' id='word_1_69' title='bbox 960 1369 1161 1434; x_wconf 89' lang='lat' dir='ltr'><strong>audientium</strong></span> <span class='ocrx_word' id='word_1_70' title='bbox 1177 1385 1268 1451; x_wconf 84' lang='lat' dir='ltr'><strong>quarn</strong></span> 
     </span>
     <span class='ocr_line' id='line_1_11' title="bbox 115 1460 1268 1559; baseline -0.004 -15"><span class='ocrx_word' id='word_1_71' title='bbox 115 1480 175 1545; x_wconf 90' lang='lat' dir='ltr'><strong>ista</strong></span> <span class='ocrx_word' id='word_1_72' title='bbox 187 1480 366 1543; x_wconf 85' lang='lat' dir='ltr'><strong>tabularum</strong></span> <span class='ocrx_word' id='word_1_73' title='bbox 378 1479 476 1542; x_wconf 91' lang='lat' dir='ltr'><strong>series</strong></span> <span class='ocrx_word' id='word_1_74' title='bbox 490 1485 557 1543; x_wconf 90' lang='lat' dir='ltr'><strong>tam</strong></span> <span class='ocrx_word' id='word_1_75' title='bbox 582 1479 677 1559; x_wconf 81' lang='lat' dir='ltr'><strong>varia,</strong></span> <span class='ocrx_word' id='word_1_76' title='bbox 691 1485 757 1544; x_wconf 92' lang='lat' dir='ltr'><strong>tam</strong></span> <span class='ocrx_word' id='word_1_77' title='bbox 771 1479 945 1558; x_wconf 88' lang='lat' dir='ltr'><strong>familiaris,</strong></span> <span class='ocrx_word' id='word_1_78' title='bbox 965 1497 1003 1543; x_wconf 86' lang='lat' dir='ltr'><strong>ac</strong></span> <span class='ocrx_word' id='word_1_79' title='bbox 1017 1478 1112 1543; x_wconf 91' lang='lat' dir='ltr'><strong>simul</strong></span> <span class='ocrx_word' id='word_1_80' title='bbox 1125 1460 1196 1541; x_wconf 86' lang='lat' dir='ltr'><strong>tam</strong></span> <span class='ocrx_word' id='word_1_81' title='bbox 1209 1494 1268 1540; x_wconf 87' lang='lat' dir='ltr'><strong>ma·</strong></span> 
     </span>
     <span class='ocr_line' id='line_1_12' title="bbox 117 1585 1301 1677; baseline -0.002 -29"><span class='ocrx_word' id='word_1_82' title='bbox 117 1586 256 1668; x_wconf 82' lang='lat' dir='ltr'><strong>gnifica:</strong></span> <span class='ocrx_word' id='word_1_83' title='bbox 280 1585 373 1664; x_wconf 92' lang='lat' dir='ltr'><strong>nihil,</strong></span> <span class='ocrx_word' id='word_1_84' title='bbox 400 1586 427 1647; x_wconf 91' lang='lat' dir='ltr'><strong>si</strong></span> <span class='ocrx_word' id='word_1_85' title='bbox 450 1587 630 1651; x_wconf 87' lang='lat' dir='ltr'><strong>litterarum</strong></span> <span class='ocrx_word' id='word_1_86' title='bbox 643 1588 748 1650; x_wconf 89' lang='lat' dir='ltr'><strong>studia</strong></span> <span class='ocrx_word' id='word_1_87' title='bbox 762 1593 896 1670; x_wconf 90' lang='lat' dir='ltr'><strong>spectes,</strong></span> <span class='ocrx_word' id='word_1_88' title='bbox 919 1586 1021 1668; x_wconf 80' lang='lat' dir='ltr'><strong>gentis</strong></span> <span class='ocrx_word' id='word_1_89' title='bbox 1041 1585 1149 1649; x_wconf 72' lang='lat' dir='ltr'><strong>latinae</strong></span> <span class='ocrx_word' id='word_1_90' title='bbox 1164 1601 1267 1667; x_wconf 90' lang='lat' dir='ltr'><strong>super·</strong></span> <span class='ocrx_word' id='word_1_91' title='bbox 1296 1670 1301 1677; x_wconf 91' lang='lat'><em>.</em></span> 
     </span>
     <span class='ocr_line' id='line_1_13' title="bbox 117 1692 1268 1776; baseline -0.004 -18"><span class='ocrx_word' id='word_1_92' title='bbox 117 1695 203 1758; x_wconf 89' lang='lat' dir='ltr'><strong>biam</strong></span> <span class='ocrx_word' id='word_1_93' title='bbox 229 1695 328 1776; x_wconf 82' lang='lat' dir='ltr'><strong>magis</strong></span> <span class='ocrx_word' id='word_1_94' title='bbox 353 1711 468 1776; x_wconf 79' lang='lat' dir='ltr'><strong>augere</strong></span> <span class='ocrx_word' id='word_1_95' title='bbox 493 1695 613 1760; x_wconf 90' lang='lat' dir='ltr'><strong>debuit.</strong></span> <span class='ocrx_word' id='word_1_96' title='bbox 639 1697 782 1760; x_wconf 91' lang='lat' dir='ltr'><strong>Primum</strong></span> <span class='ocrx_word' id='word_1_97' title='bbox 797 1698 884 1761; x_wconf 90' lang='lat' dir='ltr'><strong>enim</strong></span> <span class='ocrx_word' id='word_1_98' title='bbox 904 1697 967 1761; x_wconf 90' lang='lat' dir='ltr'><strong>hoe</strong></span> <span class='ocrx_word' id='word_1_99' title='bbox 980 1695 1182 1776; x_wconf 84' lang='lat' dir='ltr'><strong>opuseilecit</strong></span> <span class='ocrx_word' id='word_1_100' title='bbox 1195 1692 1268 1758; x_wconf 84' lang='lat' dir='ltr'><strong>Latii</strong></span> 
     </span>
     <span class='ocr_line' id='line_1_14' title="bbox 117 1803 1268 1887; baseline -0.002 -21"><span class='ocrx_word' id='word_1_101' title='bbox 117 1821 277 1879; x_wconf 86' lang='lat' dir='ltr'><strong>cammna;</strong></span> <span class='ocrx_word' id='word_1_102' title='bbox 300 1804 442 1884; x_wconf 90' lang='lat' dir='ltr'><strong>primum</strong></span> <span class='ocrx_word' id='word_1_103' title='bbox 456 1803 601 1868; x_wconf 89' lang='lat' dir='ltr'><strong>condidit</strong></span> <span class='ocrx_word' id='word_1_104' title='bbox 614 1805 776 1869; x_wconf 73' lang='lat' dir='ltr'><strong>altissimae</strong></span> <span class='ocrx_word' id='word_1_105' title='bbox 800 1822 932 1887; x_wconf 90' lang='lat' dir='ltr'><strong>poeseos</strong></span> <span class='ocrx_word' id='word_1_106' title='bbox 944 1808 1203 1880; x_wconf 87' lang='lat' dir='ltr'><strong>monumentum,</strong></span> <span class='ocrx_word' id='word_1_107' title='bbox 1217 1804 1268 1865; x_wconf 81' lang='lat' dir='ltr'><strong>lto</strong></span> 
     </span>
     <span class='ocr_line' id='line_1_15' title="bbox 119 1910 1268 1991; baseline 0.001 -19"><span class='ocrx_word' id='word_1_108' title='bbox 119 1927 268 1991; x_wconf 89' lang='lat' dir='ltr'><strong>mamque</strong></span> <span class='ocrx_word' id='word_1_109' title='bbox 291 1910 421 1973; x_wconf 91' lang='lat' dir='ltr'><strong>edocuit</strong></span> <span class='ocrx_word' id='word_1_110' title='bbox 440 1910 536 1974; x_wconf 88' lang='lat' dir='ltr'><strong>verba</strong></span> <span class='ocrx_word' id='word_1_111' title='bbox 559 1928 597 1975; x_wconf 86' lang='lat' dir='ltr'><strong>ac</strong></span> <span class='ocrx_word' id='word_1_112' title='bbox 620 1911 791 1976; x_wconf 87' lang='lat' dir='ltr'><strong>sententias</strong></span> <span class='ocrx_word' id='word_1_113' title='bbox 817 1912 949 1979; x_wconf 88' lang='lat' dir='ltr'><strong>maximi</strong></span> <span class='ocrx_word' id='word_1_114' title='bbox 971 1910 1117 1975; x_wconf 92' lang='lat' dir='ltr'><strong>omnium</strong></span> <span class='ocrx_word' id='word_1_115' title='bbox 1144 1913 1268 1974; x_wconf 83' lang='lat' dir='ltr'><strong>aetatum</strong></span> 
     </span>
     <span class='ocr_line' id='line_1_16' title="bbox 117 2014 1305 2099; baseline -0.001 -20"><span class='ocrx_word' id='word_1_116' title='bbox 117 2015 196 2079; x_wconf 88' lang='lat' dir='ltr'><strong>vatis</strong></span> <span class='ocrx_word' id='word_1_117' title='bbox 221 2035 240 2079; x_wconf 93' lang='lat' dir='ltr'><strong>a</strong></span> <span class='ocrx_word' id='word_1_118' title='bbox 265 2033 299 2079; x_wconf 88' lang='lat' dir='ltr'><strong>se</strong></span> <span class='ocrx_word' id='word_1_119' title='bbox 317 2014 369 2082; x_wconf 83' lang='lat' dir='ltr'><strong>virs</strong></span> <span class='ocrx_word' id='word_1_120' title='bbox 395 2031 413 2080; x_wconf 88' lang='lat' dir='ltr'><strong>e</strong></span> <span class='ocrx_word' id='word_1_121' title='bbox 443 2016 609 2080; x_wconf 87' lang='lat' dir='ltr'><strong>cunabulis</strong></span> <span class='ocrx_word' id='word_1_122' title='bbox 639 2017 672 2079; x_wconf 94' lang='lat' dir='ltr'><strong>in</strong></span> <span class='ocrx_word' id='word_1_123' title='bbox 701 2034 882 2082; x_wconf 88' lang='lat' dir='ltr'><strong>sermonem</strong></span> <span class='ocrx_word' id='word_1_124' title='bbox 911 2017 1051 2099; x_wconf 86' lang='lat' dir='ltr'><strong>patrium</strong></span> <span class='ocrx_word' id='word_1_125' title='bbox 1074 2034 1168 2097; x_wconf 91' lang='lat' dir='ltr'><strong>posse</strong></span> <span class='ocrx_word' id='word_1_126' title='bbox 1182 2031 1268 2082; x_wconf 84' lang='lat' dir='ltr'><strong>com·</strong></span> <span class='ocrx_word' id='word_1_127' title='bbox 1303 2024 1305 2031; x_wconf 82' lang='lat'>&#39;</span> 
     </span>
     <span class='ocr_line' id='line_1_17' title="bbox 117 2109 1293 2189; baseline -0.005 -3"><span class='ocrx_word' id='word_1_128' title='bbox 117 2124 247 2189; x_wconf 86' lang='lat' dir='ltr'><strong>mutari.</strong></span> <span class='ocrx_word' id='word_1_129' title='bbox 1290 2109 1293 2113; x_wconf 63' lang='grc'>’</span> 
     </span>
    </p>

    <p class='ocr_par' dir='ltr' id='par_1_4' title="bbox 119 2230 1305 2418">
     <span class='ocr_line' id='line_1_18' title="bbox 158 2230 1305 2316; baseline 0.001 -21"><span class='ocrx_word' id='word_1_130' title='bbox 158 2233 218 2306; x_wconf 82' lang='lat' dir='ltr'><strong>Qui</strong></span> <span class='ocrx_word' id='word_1_131' title='bbox 232 2230 340 2296; x_wconf 87' lang='lat' dir='ltr'><strong>statim</strong></span> <span class='ocrx_word' id='word_1_132' title='bbox 365 2230 406 2295; x_wconf 89' lang='lat' dir='ltr'><strong>ab</strong></span> <span class='ocrx_word' id='word_1_133' title='bbox 420 2231 561 2313; x_wconf 85' lang='lat' dir='ltr'><strong>inempto</strong></span> <span class='ocrx_word' id='word_1_134' title='bbox 589 2232 721 2298; x_wconf 85' lang='lat' dir='ltr'><strong>Homeri</strong></span> <span class='ocrx_word' id='word_1_135' title='bbox 733 2232 866 2316; x_wconf 80' lang='lat' dir='ltr'><strong>vestigia</strong></span> <span class='ocrx_word' id='word_1_136' title='bbox 880 2234 958 2300; x_wconf 88' lang='lat' dir='ltr'><strong>colit</strong></span> <span class='ocrx_word' id='word_1_137' title='bbox 978 2234 1189 2316; x_wconf 85' lang='lat' dir='ltr'><strong>observatque</strong></span> <span class='ocrx_word' id='word_1_138' title='bbox 1201 2230 1268 2298; x_wconf 90' lang='lat' dir='ltr'><strong>seri·</strong></span> <span class='ocrx_word' id='word_1_139' title='bbox 1301 2308 1305 2313; x_wconf 40' lang='grc'><strong>,</strong></span> 
     </span>
     <span class='ocr_line' id='line_1_19' title="bbox 119 2341 209 2418; baseline -0.022 -14"><span class='ocrx_word' id='word_1_140' title='bbox 119 2341 209 2418; x_wconf 90' lang='lat' dir='ltr'><strong>bens,</strong></span> 
     </span>
    </p>
   </div>
   <div class='ocr_carea' id='block_1_3' title="bbox 239 2516 1305 2615">
    <p class='ocr_par' dir='ltr' id='par_1_5' title="bbox 239 2516 1305 2615">
     <span class='ocr_line' id='line_1_20' title="bbox 239 2516 1305 2615; baseline 0.003 -38"><span class='ocrx_word' id='word_1_141' title='bbox 239 2577 243 2584; x_wconf 78' lang='grc'>,</span> <span class='ocrx_word' id='word_1_142' title='bbox 298 2517 399 2577; x_wconf 86' lang='lat' dir='ltr'><strong>Virum</strong></span> <span class='ocrx_word' id='word_1_143' title='bbox 408 2516 490 2592; x_wconf 87' lang='lat' dir='ltr'><strong>mihi,</strong></span> <span class='ocrx_word' id='word_1_144' title='bbox 503 2516 914 2591; x_wconf 69' lang='lat' dir='ltr'><strong>Camenainseeerersutum,</strong></span> <span class='ocrx_word' id='word_1_145' title='bbox 1301 2518 1305 2615; x_wconf 66' lang='lat' dir='ltr'><strong>l</strong></span> 
     </span>
    </p>
   </div>
   <div class='ocr_carea' id='block_1_4' title="bbox 122 2681 1305 3109">
    <p class='ocr_par' dir='ltr' id='par_1_6' title="bbox 122 2681 1305 3109">
     <span class='ocr_line' id='line_1_21' title="bbox 122 2681 1266 2786; baseline -0.001 -22"><span class='ocrx_word' id='word_1_146' title='bbox 122 2716 212 2781; x_wconf 90' lang='lat' dir='ltr'><strong>spem</strong></span> <span class='ocrx_word' id='word_1_147' title='bbox 226 2701 360 2763; x_wconf 90' lang='lat' dir='ltr'><strong>multam</strong></span> <span class='ocrx_word' id='word_1_148' title='bbox 377 2699 452 2764; x_wconf 86' lang='lat' dir='ltr'><strong>facit</strong></span> <span class='ocrx_word' id='word_1_149' title='bbox 470 2717 504 2764; x_wconf 94' lang='lat' dir='ltr'><strong>se</strong></span> <span class='ocrx_word' id='word_1_150' title='bbox 523 2716 724 2782; x_wconf 85' lang='lat' dir='ltr'><strong>magnopere,</strong></span> <span class='ocrx_word' id='word_1_151' title='bbox 739 2719 780 2766; x_wconf 92' lang='lat' dir='ltr'><strong>ne</strong></span> <span class='ocrx_word' id='word_1_152' title='bbox 792 2681 882 2766; x_wconf 78' lang='lat' dir='ltr'><strong>tanto</strong></span> <span class='ocrx_word' id='word_1_153' title='bbox 896 2720 915 2765; x_wconf 92' lang='lat' dir='ltr'><strong>a</strong></span> <span class='ocrx_word' id='word_1_154' title='bbox 929 2706 1051 2767; x_wconf 87' lang='lat' dir='ltr'><strong>rectore</strong></span> <span class='ocrx_word' id='word_1_155' title='bbox 1069 2698 1266 2786; x_wconf 80' lang='lat' dir='ltr'><strong>digrediatur,</strong></span> 
     </span>
     <span class='ocr_line' id='line_1_22' title="bbox 124 2806 1270 2892; baseline 0 -19"><span class='ocrx_word' id='word_1_156' title='bbox 124 2810 298 2874; x_wconf 85' lang='lat' dir='ltr'><strong>enisurum.</strong></span> <span class='ocrx_word' id='word_1_157' title='bbox 312 2807 395 2882; x_wconf 84' lang='lat' dir='ltr'><strong>Quin</strong></span> <span class='ocrx_word' id='word_1_158' title='bbox 416 2807 523 2886; x_wconf 87' lang='lat' dir='ltr'><strong>etiam,</strong></span> <span class='ocrx_word' id='word_1_159' title='bbox 548 2810 690 2891; x_wconf 87' lang='lat' dir='ltr'><strong>quamvis</strong></span> <span class='ocrx_word' id='word_1_160' title='bbox 710 2811 911 2892; x_wconf 71' lang='lat' dir='ltr'><strong>paucissimae</strong></span> <span class='ocrx_word' id='word_1_161' title='bbox 931 2810 1045 2875; x_wconf 85' lang='lat' dir='ltr'><strong>sintae</strong></span> <span class='ocrx_word' id='word_1_162' title='bbox 1076 2812 1189 2877; x_wconf 89' lang='lat' dir='ltr'><strong>breves</strong></span> <span class='ocrx_word' id='word_1_163' title='bbox 1208 2806 1270 2876; x_wconf 87' lang='lat' dir='ltr'><strong>reli·</strong></span> 
     </span>
     <span class='ocr_line' id='line_1_23' title="bbox 124 2917 1305 3025; baseline 0 -44"><span class='ocrx_word' id='word_1_164' title='bbox 124 2919 300 2999; x_wconf 85' lang='lat' dir='ltr'><strong>quiae,eum</strong></span> <span class='ocrx_word' id='word_1_165' title='bbox 314 2917 347 2980; x_wconf 92' lang='lat' dir='ltr'><strong>in</strong></span> <span class='ocrx_word' id='word_1_166' title='bbox 361 2917 505 2999; x_wconf 88' lang='lat' dir='ltr'><strong>pluribus</strong></span> <span class='ocrx_word' id='word_1_167' title='bbox 520 2917 600 2981; x_wconf 92' lang='lat' dir='ltr'><strong>loeis</strong></span> <span class='ocrx_word' id='word_1_168' title='bbox 614 2919 710 2981; x_wconf 88' lang='lat' dir='ltr'><strong>luisse</strong></span> <span class='ocrx_word' id='word_1_169' title='bbox 723 2919 877 3001; x_wconf 89' lang='lat' dir='ltr'><strong>propositi</strong></span> <span class='ocrx_word' id='word_1_170' title='bbox 885 2926 1031 2985; x_wconf 90' lang='lat' dir='ltr'><strong>tenacem</strong></span> <span class='ocrx_word' id='word_1_171' title='bbox 1045 2926 1190 3002; x_wconf 85' lang='lat' dir='ltr'><strong>apparet.</strong></span> <span class='ocrx_word' id='word_1_172' title='bbox 1208 2921 1269 2986; x_wconf 80' lang='lat' dir='ltr'><strong>lam</strong></span> <span class='ocrx_word' id='word_1_173' title='bbox 1301 2954 1305 3025; x_wconf 80' lang='lat'>;</span> 
     </span>
     <span class='ocr_line' id='line_1_24' title="bbox 123 3023 1073 3109; baseline 0.005 -22"><span class='ocrx_word' id='word_1_174' title='bbox 123 3023 406 3091; x_wconf 84' lang='lat' dir='ltr'><strong>animadvertimus</strong></span> <span class='ocrx_word' id='word_1_175' title='bbox 419 3043 514 3107; x_wconf 89' lang='lat' dir='ltr'><strong>quarn</strong></span> <span class='ocrx_word' id='word_1_176' title='bbox 526 3025 629 3090; x_wconf 80' lang='lat' dir='ltr'><strong>vivide</strong></span> <span class='ocrx_word' id='word_1_177' title='bbox 641 3026 705 3092; x_wconf 92' lang='lat' dir='ltr'><strong>hoc</strong></span> <span class='ocrx_word' id='word_1_178' title='bbox 719 3044 847 3092; x_wconf 89' lang='lat' dir='ltr'><strong>carmen</strong></span> <span class='ocrx_word' id='word_1_179' title='bbox 860 3028 1049 3109; x_wconf 83' lang='lat' dir='ltr'><strong>expresserit</strong></span> <span class='ocrx_word' id='word_1_180' title='bbox 1064 3047 1073 3092; x_wconf 77' lang='lat' dir='ltr'><em>z</em></span> 
     </span>
    </p>
   </div>
   <div class='ocr_carea' id='block_1_5' title="bbox 305 3204 1024 3294">
    <p class='ocr_par' dir='ltr' id='par_1_7' title="bbox 305 3204 1024 3294">
     <span class='ocr_line' id='line_1_25' title="bbox 305 3204 1024 3294; baseline 0.004 -23"><span class='ocrx_word' id='word_1_181' title='bbox 305 3205 408 3271; x_wconf 77' lang='grc' dir='ltr'>Τέκνον</span> <span class='ocrx_word' id='word_1_182' title='bbox 423 3205 498 3289; x_wconf 69' lang='grc' dir='ltr'>ῐμὸν,</span> <span class='ocrx_word' id='word_1_183' title='bbox 510 3214 584 3269; x_wconf 83' lang='grc' dir='ltr'>ποῖον</span> <span class='ocrx_word' id='word_1_184' title='bbox 598 3229 629 3269; x_wconf 83' lang='grc' dir='ltr'><strong>σε</strong></span> <span class='ocrx_word' id='word_1_185' title='bbox 641 3204 703 3276; x_wconf 75' lang='grc' dir='ltr'>ἔπος</span> <span class='ocrx_word' id='word_1_186' title='bbox 715 3206 795 3294; x_wconf 79' lang='grc' dir='ltr'>φύγεν</span> <span class='ocrx_word' id='word_1_187' title='bbox 807 3206 883 3294; x_wconf 62' lang='lat' dir='ltr'><strong>lpse:</strong></span> <span class='ocrx_word' id='word_1_188' title='bbox 894 3210 1024 3290; x_wconf 78' lang='grc' dir='ltr'><strong>ὄδόντων;</strong></span> 
     </span>
    </p>
   </div>
   <div class='ocr_carea' id='block_1_6' title="bbox 124 3389 1294 3592">
    <p class='ocr_par' dir='ltr' id='par_1_8' title="bbox 124 3389 1294 3592">
     <span class='ocr_line' id='line_1_26' title="bbox 164 3389 1268 3491; baseline 0.004 -27"><span class='ocrx_word' id='word_1_189' title='bbox 164 3400 252 3465; x_wconf 92' lang='lat' dir='ltr'><strong>Idem</strong></span> <span class='ocrx_word' id='word_1_190' title='bbox 267 3416 395 3482; x_wconf 91' lang='lat' dir='ltr'><strong>quoque</strong></span> <span class='ocrx_word' id='word_1_191' title='bbox 413 3418 429 3459; x_wconf 84' lang='lat' dir='ltr'><strong>a</strong></span> <span class='ocrx_word' id='word_1_192' title='bbox 446 3397 582 3464; x_wconf 81' lang='lat' dir='ltr'><strong>feliciter</strong></span> <span class='ocrx_word' id='word_1_193' title='bbox 594 3400 690 3464; x_wconf 89' lang='lat' dir='ltr'><strong>audet</strong></span> <span class='ocrx_word' id='word_1_194' title='bbox 703 3420 735 3478; x_wconf 83' lang='lat' dir='ltr'><strong>s,</strong></span> <span class='ocrx_word' id='word_1_195' title='bbox 757 3418 857 3483; x_wconf 90' lang='lat' dir='ltr'><strong>quum</strong></span> <span class='ocrx_word' id='word_1_196' title='bbox 870 3401 1044 3467; x_wconf 86' lang='lat' dir='ltr'><strong>fidissimus</strong></span> <span class='ocrx_word' id='word_1_197' title='bbox 1061 3403 1218 3491; x_wconf 83' lang='lat' dir='ltr'><strong>interpres</strong></span> <span class='ocrx_word' id='word_1_198' title='bbox 1229 3389 1268 3471; x_wconf 83' lang='lat' dir='ltr'><strong>re·</strong></span> 
     </span>
     <span class='ocr_line' id='line_1_27' title="bbox 124 3505 1294 3592; baseline -0.002 -17"><span class='ocrx_word' id='word_1_199' title='bbox 124 3506 413 3591; x_wconf 81' lang='lat' dir='ltr'><strong>gem&#39;laphiorum</strong></span> <span class='ocrx_word' id='word_1_200' title='bbox 424 3505 550 3572; x_wconf 88' lang='lat' dir='ltr'><strong>inducit</strong></span> <span class='ocrx_word' id='word_1_201' title='bbox 569 3508 793 3573; x_wconf 84' lang='lat' dir='ltr'><strong>aTelemacho</strong></span> <span class='ocrx_word' id='word_1_202' title='bbox 816 3509 878 3574; x_wconf 89' lang='lat' dir='ltr'><strong>ista</strong></span> <span class='ocrx_word' id='word_1_203' title='bbox 896 3515 1123 3592; x_wconf 76' lang='lat' dir='ltr'><strong>querentem:</strong></span> <span class='ocrx_word' id='word_1_204' title='bbox 1179 3582 1182 3586; x_wconf 10' lang='lat' dir='ltr'><strong>p</strong></span> <span class='ocrx_word' id='word_1_205' title='bbox 1254 3566 1294 3573; x_wconf 76' lang='grc'><strong>,.</strong></span> 
     </span>
    </p>
   </div>
   <div class='ocr_carea' id='block_1_7' title="bbox 304 3684 845 3762">
    <p class='ocr_par' dir='ltr' id='par_1_9' title="bbox 304 3684 845 3762">
     <span class='ocr_line' id='line_1_28' title="bbox 304 3684 845 3762; baseline 0.002 -16"><span class='ocrx_word' id='word_1_206' title='bbox 304 3689 374 3760; x_wconf 83' lang='lat' dir='ltr'><strong>Quae</strong></span> <span class='ocrx_word' id='word_1_207' title='bbox 387 3685 448 3747; x_wconf 76' lang='lat' dir='ltr'><strong>haec</strong></span> <span class='ocrx_word' id='word_1_208' title='bbox 461 3684 531 3761; x_wconf 85' lang='lat' dir='ltr'><strong>daps</strong></span> <span class='ocrx_word' id='word_1_209' title='bbox 543 3694 595 3760; x_wconf 86' lang='lat' dir='ltr'><strong>est,</strong></span> <span class='ocrx_word' id='word_1_210' title='bbox 607 3687 655 3762; x_wconf 91' lang='lat' dir='ltr'><strong>qni</strong></span> <span class='ocrx_word' id='word_1_211' title='bbox 663 3686 753 3748; x_wconf 82' lang='lat' dir='ltr'><strong>festus</strong></span> <span class='ocrx_word' id='word_1_212' title='bbox 763 3687 845 3749; x_wconf 83' lang='lat' dir='ltr'><strong>diest</strong></span> 
     </span>
    </p>
   </div>
   <div class='ocr_carea' id='block_1_8' title="bbox 121 3867 1264 4185">
    <p class='ocr_par' dir='ltr' id='par_1_10' title="bbox 121 3867 1264 4185">
     <span class='ocr_line' id='line_1_29' title="bbox 166 3867 1264 3960; baseline 0 -25"><span class='ocrx_word' id='word_1_213' title='bbox 166 3873 271 3951; x_wconf 84' lang='lat' dir='ltr'><strong>Atque</strong></span> <span class='ocrx_word' id='word_1_214' title='bbox 294 3867 376 3932; x_wconf 86' lang='lat' dir='ltr'><strong>inira</strong></span> <span class='ocrx_word' id='word_1_215' title='bbox 399 3869 480 3933; x_wconf 90' lang='lat' dir='ltr'><strong>adeo</strong></span> <span class='ocrx_word' id='word_1_216' title='bbox 501 3869 636 3935; x_wconf 88' lang='lat' dir='ltr'><strong>sollicite</strong></span> <span class='ocrx_word' id='word_1_217' title='bbox 664 3870 816 3936; x_wconf 89' lang='lat' dir='ltr'><strong>orationis</strong></span> <span class='ocrx_word' id='word_1_218' title='bbox 842 3867 1061 3938; x_wconf 85' lang='lat' dir='ltr'><strong>incitationem</strong></span> <span class='ocrx_word' id='word_1_219' title='bbox 1077 3870 1264 3960; x_wconf 87' lang='lat' dir='ltr'><strong>sequitur‚ut</strong></span> 
     </span>
     <span class='ocr_line' id='line_1_30' title="bbox 125 3976 1264 4075; baseline 0.002 -34"><span class='ocrx_word' id='word_1_220' title='bbox 125 3977 281 4062; x_wconf 90' lang='lat' dir='ltr'><strong>quidquid</strong></span> <span class='ocrx_word' id='word_1_221' title='bbox 298 3976 468 4061; x_wconf 86' lang='lat' dir='ltr'><strong>praecipuis</strong></span> <span class='ocrx_word' id='word_1_222' title='bbox 491 3978 762 4075; x_wconf 82' lang='lat' dir='ltr'><strong>enuntiationibus</strong></span> <span class='ocrx_word' id='word_1_223' title='bbox 775 3982 901 4046; x_wconf 90' lang='lat' dir='ltr'><strong>accedit</strong></span> <span class='ocrx_word' id='word_1_224' title='bbox 916 3981 1114 4066; x_wconf 88' lang='lat' dir='ltr'><strong>inhaeretqne</strong></span> <span class='ocrx_word' id='word_1_225' title='bbox 1135 3993 1191 4048; x_wconf 85' lang='lat' dir='ltr'><strong>seu</strong></span> <span class='ocrx_word' id='word_1_226' title='bbox 1201 3977 1264 4048; x_wconf 62' lang='lat' dir='ltr'><strong>colt‘</strong></span> 
     </span>
     <span class='ocr_line' id='line_1_31' title="bbox 121 4082 1264 4185; baseline 0.006 -37"><span class='ocrx_word' id='word_1_227' title='bbox 121 4082 287 4167; x_wconf 90' lang='lat' dir='ltr'><strong>junctione</strong></span> <span class='ocrx_word' id='word_1_228' title='bbox 317 4103 373 4149; x_wconf 91' lang='lat' dir='ltr'><strong>seu</strong></span> <span class='ocrx_word' id='word_1_229' title='bbox 397 4085 566 4166; x_wconf 81' lang='lat' dir='ltr'><strong>participio</strong></span> <span class='ocrx_word' id='word_1_230' title='bbox 591 4085 781 4165; x_wconf 80' lang='lat' dir='ltr'><strong>admixtum,</strong></span> <span class='ocrx_word' id='word_1_231' title='bbox 808 4091 911 4154; x_wconf 83' lang='lat' dir='ltr'><strong>servet</strong></span> <span class='ocrx_word' id='word_1_232' title='bbox 930 4089 1067 4185; x_wconf 86' lang='lat' dir='ltr'><strong>scriptor</strong></span> <span class='ocrx_word' id='word_1_233' title='bbox 1083 4108 1120 4155; x_wconf 89' lang='lat' dir='ltr'><strong>ae</strong></span> <span class='ocrx_word' id='word_1_234' title='bbox 1133 4085 1264 4157; x_wconf 75' lang='lat' dir='ltr'><strong>retineat</strong></span> 
     </span>
    </p>
   </div>
   <div class='ocr_carea' id='block_1_9' title="bbox 152 4390 859 4482">
    <p class='ocr_par' dir='ltr' id='par_1_11' title="bbox 152 4390 859 4482">
     <span class='ocr_line' id='line_1_32' title="bbox 152 4390 859 4482; baseline 0.004 -21"><span class='ocrx_word' id='word_1_235' title='bbox 152 4408 189 4476; x_wconf 80' lang='grc' dir='ltr'><strong>(ι)</strong></span> <span class='ocrx_word' id='word_1_236' title='bbox 205 4407 261 4463; x_wconf 84' lang='lat' dir='ltr'><strong>ru.</strong></span> <span class='ocrx_word' id='word_1_237' title='bbox 277 4405 307 4462; x_wconf 88' lang='lat' dir='ltr'><strong>n.</strong></span> <span class='ocrx_word' id='word_1_238' title='bbox 319 4405 405 4478; x_wconf 65' lang='lat' dir='ltr'><strong>egga.</strong></span> <span class='ocrx_word' id='word_1_239' title='bbox 418 4405 449 4458; x_wconf 76' lang='lat' dir='ltr'><strong>a</strong></span> <span class='ocrx_word' id='word_1_240' title='bbox 460 4405 557 4459; x_wconf 65' lang='lat' dir='ltr'><strong>urana</strong></span> <span class='ocrx_word' id='word_1_241' title='bbox 568 4407 665 4460; x_wconf 68' lang='lat' dir='ltr'><strong>nosue</strong></span> <span class='ocrx_word' id='word_1_242' title='bbox 679 4390 859 4482; x_wconf 54' lang='lat' dir='ltr'><strong>,capream</strong></span> 
     </span>
    </p>
   </div>
   <div class='ocr_carea' id='block_1_10' title="bbox 0 0 1408 4764">
    <p class='ocr_par' dir='ltr' id='par_1_12' title="bbox 0 0 1408 4764">
     <span class='ocr_line' id='line_1_33' title="bbox 0 0 1408 4764; baseline 0 0"><span class='ocrx_word' id='word_1_243' title='bbox 0 0 1408 4764; x_wconf 95' lang='lat' dir='ltr'><strong> </strong></span> 
     </span>
    </p>
   </div>
  </div>
 </body>
</html>
