2790 4770
572 244 774 307 -109-

95 380 186 461 cujus
200 383 298 462 pedes
312 384 420 462 quavis
434 383 557 446 ratione
579 387 780 446 tentaverunt
793 383 960 445 restituere
982 381 1134 464 philologi
1148 405 1156 459 3
1170 400 1253 444 nun·

96 496 193 569 quam
222 490 344 571 legibus
372 471 656 571 prosodiae‘certis
682 489 901 553 circumscribi
929 494 962 552 et
986 489 1109 552 deliniri
1129 488 1248 568 potuit.

95 601 140 660 De
153 598 214 661 hac
228 617 262 662 re
276 601 341 663 fere
361 618 471 663 omnes
486 618 551 662 uno
565 617 620 662 ore
636 599 838 662 consentiunt
860 600 912 676 (l).
936 598 1102 670 Quomodo
1117 603 1255 660 autema

96 709 199 770 soluta
213 708 356 772 oratione
371 703 508 771 Saturnii
529 726 635 770 versus
657 707 887 783 discernantur,
914 706 976 769 boo
992 724 1097 786 operae
1115 707 1254 787 pretium

97 819 145 876 est
165 814 257 877 scire.
284 813 397 878 Priscis
416 812 613 894 temporibus
638 811 762 874 horridi
778 809 820 890 (2)
836 815 923 873 erant
949 810 996 870 illi
1011 828 1129 885 versus
1150 816 1181 873 et
1204 809 1252 872 in·

98 919 232 1000 compti,
249 926 280 983 et
296 920 453 984 inconditi
474 919 535 1000 (3);
553 906 595 981 ‘et
614 916 756 998 quamvis
771 918 803 978 in
831 935 865 979 re
885 915 1018 978 metrica
1040 916 1144 977 minus
1166 914 1254 978 rudis
1326 957 1328 961 .

98 1028 247 1108 politiora
260 1017 454 1091 carminibus
470 1027 627 1090 Saliorum
642 1032 695 1088 aut
711 1025 872 1088 Arvalium
896 1026 1037 1087 carmina
1061 1023 1256 1087 condidisset

101 1135 310 1211 Andronicus,
338 1138 449 1214 utpote
476 1137 661 1196 Graecorum
684 1134 852 1213 interpres,
871 1151 935 1195 non
954 1134 1122 1194 emendata
1148 1137 1256 1195 tamen

100 1242 212 1302 eadem
223 1244 254 1302 et
273 1240 417 1302 «exactis
432 1238 601 1301 minimum
619 1239 789 1302 distantias
814 1240 1004 1318 composuit.
1022 1242 1149 1302 Frustra
1161 1256 1256 1301 unam

101 1349 151 1423 iis,
171 1365 243 1427 quae
258 1347 452 1426 superfuere,
470 1347 682 1426 paucissimis,
702 1347 820 1427 pedum
837 1347 1087 1409 modulationem
1101 1345 1252 1428 requiras,

101 1455 176 1517 licet
203 1454 350 1532 quaedam
388 1453 471 1516 inter
499 1453 552 1514 illa
582 1455 678 1532 paulo
706 1451 910 1515 concinniora
932 1453 1097 1522 videantur
1116 1454 1168 1535 (l).
1194 1451 1254 1513 Sed
1333 1469 1335 1473 ’

94 1545 218 1642 ῥυθμὸν,
248 1549 280 1620 id
296 1565 362 1635 est,
394 1577 563 1622 numerum
590 1578 726 1641 eumque
748 1579 843 1640 opera
864 1567 895 1623 et
920 1562 1056 1624 artificio
1084 1563 1256 1642 quaesitum

100 1671 151 1732 bis
165 1670 199 1730 in
213 1669 354 1731 versibus
369 1669 472 1732 inesse
484 1670 554 1750 quis
568 1670 717 1750 negabit?

209 1872 307 1930 Virum
318 1873 398 1941 mihi,
411 1875 555 1944 Camoena,
571 1873 664 1931 insece
676 1881 838 1931 versutum.
854 1914 860 1928 .
877 1913 883 1928 .

209 1965 329 2020 Matrem
340 1963 480 2036 procitum
491 1961 602 2035 plurimi
614 1971 750 2020 venerunt
762 2004 769 2017 .
785 2003 791 2016 .
807 2004 814 2017 .

170 2079 173 2084 ·
209 2055 243 2109 ln
254 2052 352 2126 Pylum
363 2050 514 2109 adveniens
525 2059 574 2109 aut
586 2052 624 2109 ibi
638 2060 815 2108 ommentans
830 2091 837 2105 .
853 2090 859 2104 .
875 2091 882 2104 .

210 2145 343 2214 Tuncque
356 2156 450 2198 remos
459 2141 542 2214 jussit
552 2142 669 2215 religare
681 2141 822 2214 struppis.
838 2181 844 2196 .
860 2181 867 2195 .

210 2231 312 2288 Utrum
323 2247 413 2306 genua
425 2231 595 2303 amplectans
606 2231 742 2305 virginem
753 2238 867 2288 oraret.
882 2271 889 2286 .
904 2271 911 2285 .

212 2323 303 2394 Quem
314 2335 366 2393 ego
376 2319 540 2377 nefrendem
552 2320 605 2377 alui
621 2319 739 2379 lacteam
751 2320 919 2394 immulgens
930 2335 1011 2393 opem
1025 2360 1032 2376 .
1047 2360 1054 2375 .
1069 2361 1076 2374 .

146 2527 205 2590 llic
220 2546 259 2590 ex
271 2528 444 2609 aequalibus
465 2546 616 2590 sonorum
637 2528 808 2592 intervallis
824 2530 961 2593 eflicitur
980 2531 1156 2594 harmonia.
1172 2532 1262 2611 Saepe

104 2644 214 2699 tamen
224 2634 326 2697 evenit
337 2640 372 2696 ut
381 2633 547 2714 inaequalia
554 2635 690 2697 sinthaec
705 2635 876 2697 intervalla.
889 2637 1164 2709 Quemadmodum
1174 2636 1262 2698 enim

104 2746 140 2805 in
157 2742 277 2805 musica
291 2741 472 2820 nostrisque
486 2741 626 2804 versibus
641 2741 811 2818 continuis,
826 2742 872 2804 sic
887 2742 919 2803 in
935 2742 1128 2804 carminibus
1143 2741 1260 2821 latinis,
1311 2745 1312 2749 ’

103 2848 284 2911 similitudo
297 2847 523 2928 aequalitasque
546 2864 699 2910 sonorum
724 2866 788 2909 non
803 2865 929 2928 semper
944 2848 1069 2910 aurium
1076 2836 1264 2927 judicio‘re-

105 2959 288 3040 quiruntur.
304 2957 430 3019 lambis·
446 2955 489 3036 (ut
507 2958 654 3036 exemplo
684 2957 766 3038 utar)
782 2975 884 3038 neque
904 2957 988 3021 idem
1010 2961 1057 3020 est
1070 2956 1262 3038 syllabarum

105 3086 269 3143 numerus,
288 3085 390 3146 neque
411 3073 592 3146 tempomm
615 3064 777 3147 equalitas
794 3088 800 3128 :
817 3066 1026 3130 nihilominus
1043 3086 1096 3130 eos
1111 3085 1179 3130 esse
1193 3086 1262 3131 ver·
1342 3090 1343 3093 ¹

104 3191 161 3236 sus
174 3172 300 3248 dixeris,
330 3172 489 3254 siquidem
514 3191 607 3236 senos
625 3174 707 3237 ictus
733 3180 819 3237 certa
834 3176 956 3237 ratione
978 3177 1128 3239 reddunt.
1152 3179 1263 3239 Nonne

105 3283 221 3346 eadem
233 3282 349 3344 rectius
366 3283 405 3344 de
421 3281 647 3346 Saturniisdici
662 3284 813 3364 queuntl.

141 3588 178 3652 (l)
195 3585 269 3637 Ama
288 3603 396 3638 seorsum
409 3587 483 3639 sentit
499 3587 526 3639 L.
541 3588 653 3660 Benlocw
677 3589 700 3652 (a
714 3587 748 3639 De
766 3598 869 3639 accentu
887 3588 914 3639 in
932 3589 1037 3657 Europae
1056 3589 1145 3656 linguis
1163 3609 1216 3658 quae
1234 3610 1264 3643 ex

104 3671 176 3724 ludis
186 3680 245 3722 ortae
259 3680 315 3721 sunt
324 3693 346 3731 a,
360 3688 388 3738 p.
406 3675 462 3734 lea,
478 3671 506 3723 L.
522 3671 649 3734 berbena,
669 3674 742 3738 1847)
752 3690 758 3723 :
770 3693 782 3718 a
792 3672 887 3723 Poesim
902 3673 1024 3734 Latinam,
1039 3673 1128 3740 inquit,
1143 3674 1224 3725 adhue
1238 3675 1265 3726 in

102 3755 236 3808 cunabulis
249 3755 311 3806 nibil
324 3754 392 3806 aliud
403 3755 477 3806 tuisse
489 3766 584 3807 constat
599 3755 645 3806 nisi
659 3757 788 3823 quamdam
801 3774 959 3808 numerorum
977 3748 1128 3810 inconditam
1145 3759 1263 3809 commix-

101 3844 214 3901 tionem,
228 3840 271 3906 ubi
289 3841 414 3909 prosodia,
428 3852 543 3894 accentus
555 3858 584 3893 ae
599 3844 664 3900 θέσις
678 3842 783 3893 vicissim
792 3844 832 3910 jus
845 3843 1022 3911 arbitriumque
1044 3841 1176 3896 habebant.
1191 3845 1267 3895 Testis

102 3936 143 3980 est
158 3925 200 3976 itte
213 3925 342 3976 Saturnius
354 3941 445 3976 uersus.
459 3947 472 3972 u

141 4011 180 4077 (2)
198 4011 256 4062 lior.
268 4012 361 4082 Epist„
375 4011 407 4075 ll,
425 4015 447 4078 l,
466 4015 523 4066 156.

141 4096 180 4165 (3)
197 4095 262 4164 Via-g.
275 4099 379 4165 Georg„
395 4096 502 4159 ll,'³86.
517 4096 566 4148 Tit.
580 4096 646 4160 tta,
661 4096 702 4161 tv,
718 4113 773 4164 cap.
789 4101 832 4150 20.

140 4183 178 4246 (4)
195 4180 249 4232 Non
265 4181 317 4233 sine
333 4181 440 4248 quadm
456 4181 576 4233 industria
594 4181 679 4232 breves
695 4182 773 4246 longis
790 4181 920 4233 admiscuit
933 4182 1102 4248 Andronicum
1119 4194 1192 4252 atque
1210 4193 1267 4235 ante

101 4265 180 4317 illum
193 4263 285 4316 nullius
297 4264 370 4317 iubae
383 4266 535 4319 auctoritatis
547 4266 686 4334 prosodiam
696 4264 819 4317 affirmare
831 4282 882 4317 non
895 4267 1006 4319 audeam.
