2790 4770
637 287 837 373 -oso'-

200 442 279 521 Cic,
299 445 337 505 dc
353 446 468 521 Dicto,
487 449 525 524 11,
554 436 623 528 cap.
644 452 685 511 5:
711 451 817 512 —Est
839 447 970 530 quidam
995 433 1118 531 graccus
1131 449 1273 531 vulgaris
1296 448 1330 510 in

159 552 242 617 hanc
257 556 447 619 sententiam
467 575 577 620 versus
596 579 603 621 :

282 715 357 772 Bene
368 715 413 788 qui
423 716 563 790 conjiciet,
575 725 665 776 vatem
675 717 749 775 huuc
760 717 914 804 perhibebo
925 719 1064 792 optimum
1074 721 1124 793 (t).

165 947 167 951 ι
187 869 274 957 ocio,
293 870 330 932 de
343 873 564 953 Senect.,'cap.
580 875 618 936 8:
634 909 674 920 —
749 875 844 953 Quid,
861 881 947 957 quod
966 877 1062 941 etiam
1077 879 1253 942 addiscunt
1268 880 1328 942 ati-

157 979 255 1058 quid?
269 986 304 1042 ut
329 982 480 1044 Solonem
505 982 648 1046 versibus
665 985 855 1065 gloriantem
869 986 1027 1064 videmus,
1048 989 1151 1069 quise
1174 991 1327 1071 quotidie

157 1088 277 1168 aliquid
293 1089 523 1166 addiscentem,
541 1110 649 1155 senem
668 1093 736 1156 fleri
753 1093 870 1159 dicit...
1123 1158 1135 1174 ,,

197 1198 323 1273 Itidem,
340 1216 410 1279 cap.
436 1203 472 1261 ΙΙ
493 1218 553 1260 :-
619 1202 662 1264 Ut
674 1203 847 1265 honestum
871 1204 952 1267 iilud
970 1205 1096 1269 Solonis
1106 1205 1158 1284 sit,
1174 1211 1264 1288 quod
1282 1211 1327 1273 ait

156 1304 310 1388 versiculo
322 1309 472 1387 quodam,
488 1315 524 1370 ut
540 1313 613 1371 ante
626 1309 703 1386 dini,
723 1329 887 1374 senescere
899 1331 943 1386 se,
961 1315 1059 1378 multa
1073 1314 1105 1377 in
1128 1315 1196 1379 dies
1211 1319 1325 1380 addis-

158 1415 352 1494 centemtd).
1137 1405 1141 1422 ²

198 1521 277 1598 Cio,
290 1523 327 1584 de
341 1521 417 1602 Ost,
431 1527 467 1602 Il,
484 1544 555 1605 cap.
571 1528 610 1586 ΙΙ
627 1545 688 1587 ;-
700 1528 809 1606 Itaque
820 1528 1029 1607 quodrtpOHo
1041 1521 1173 1610 Pythius
1189 1533 1323 1594 oraculo

156 1630 267 1719 edidit,
285 1635 430 1713 Spartam
455 1634 540 1696 nulia
555 1632 674 1710 realia,
696 1632 757 1694 nisi
777 1631 906 1696 avaritia
926 1634 1114 1715 perituram,
1144 1634 1176 1698 id
1191 1635 1324 1699 videtur

157 1756 220 1800 non
236 1740 340 1800 solum
357 1737 613 1813 Lacedaemoniis,
631 1740 686 1800 sed
703 1745 735 1801 et
753 1737 903 1800 omnihus
918 1739 1046 1818 populis
1059 1739 1248 1820 praedixisse
1264 1743 1319 1824 (3).

197 1841 273 1916 Cio,
296 1846 395 1919 Orat,
415 1861 484 1923 cap.
502 1848 520 1906 9
542 1863 548 1904 :
570 1878 607 1888 -
630 1842 690 1916 Qui
717 1844 759 1924 (t)
778 1842 804 1904 si
821 1842 907 1906 tenui
932 1862 1047 1924 genere
1062 1852 1220 1924 uteretur,
1238 1866 1322 1909 nun-

157 1967 254 2029 quam
267 1949 307 2010 ab
323 1949 532 2030 Aristophane
546 1932 639 2031 poeta
658 1951 791 2031 fulgere,
813 1958 935 2028 tonare,
957 1953 1149 2032 permiscere
1162 1954 1321 2018 Graeeiam

159 2057 264 2120 dietus
281 2063 363 2119 esset
379 2058 430 2138 (5).
1328 2128 1331 2132 .

198 2160 278 2238 Cic,
299 2162 431 2238 torret,
446 2165 469 2232 l,
486 2180 557 2241 cap.
577 2165 615 2224 18
640 2182 647 2224 ε
665 2199 702 2207 -
715 2164 775 2225 Sed
793 2161 846 2226 hic
860 2163 899 2245 (6)
916 2163 1062 2244 quidem,
1083 2165 1231 2244 quamvis
1247 2185 1321 2234 eru-

157 2268 242 2331 ditus
256 2268 306 2341 sit,
323 2267 407 2330 sicut
420 2275 477 2342 est,
494 2271 563 2332 haec
584 2270 734 2349 magistro
749 2272 905 2340 concedat
921 2269 1098 2347 Aristoteli;
1117 2290 1234 2336 canere
1252 2274 1321 2354 ipse

151 2378 281 2439 doceat.
299 2378 382 2439 Bene
401 2375 485 2437 enim
500 2375 554 2439 illo
569 2376 736 2457 proverbio
750 2379 934 2440 Graecorum
955 2378 1153 2459 praecipitur,

283 2537 373 2605 Quam
384 2529 500 2609 quisquc
512 2536 587 2590 norit
602 2543 701 2600 artem,
714 2534 743 2591 in
758 2535 808 2590 irae
821 2550 850 2590 sc
862 2542 990 2616 exerceat
1001 2534 1047 2616 (7).

200 2698 280 2772 Cic,
295 2697 332 2757 do
343 2696 425 2773 Fen,
438 2697 489 2773 ΙΙΙ,
506 2715 573 2777 cap.
593 2699 630 2757 19
646 2715 652 2756 :
669 2729 710 2740 -
724 2695 941 2774 Quoniamque
954 2694 1008 2755 illa
1022 2712 1082 2756 vox
1096 2695 1273 2760 inhumana
1290 2707 1322 2762 et

159 2808 309 2868 scelerata
335 2803 461 2876 dicitur,
488 2820 610 2878 eorum,
633 2802 686 2881 qui
701 2807 815 2880 negant
830 2820 862 2863 se
879 2818 1035 2878 recusare,
1052 2803 1227 2881 quominus
1243 2803 1321 2884 ipsis

160 2913 304 2988 mortuis,
336 2918 493 2974 terrarum
520 2908 665 2970 omnium
693 2907 874 2987 deflagratio
898 2914 1129 2987 consequatur3
1146 2912 1235 2989 quod
1252 2911 1323 2972 vui·

158 3020 372 3101 gariquodam
391 3037 481 3081 versu
498 3020 607 3079 Graeco
619 3015 816 3096 pronuntiari
832 3015 913 3078 solet
924 3016 978 3095 (8).

195 3256 232 3322 (Ι)
250 3255 288 3305 Gi.
304 3271 310 3305 t
328 3255 445 3309 «Μάντις
459 3252 482 3317 γ’
495 3251 602 3318 ἄριστος,
618 3253 685 3308 ὅστις
700 3251 789 3310 εἰκάζει
803 3252 892 3307 καλῶς.
910 3270 923 3294 n
938 3249 1062 3302 Euutetn.

192 3344 267 3391 Nota.
288 3339 364 3389 Multo
378 3338 487 3405 superius
500 3335 639 3402 proferendi
659 3345 729 3386 erant
749 3344 797 3385 tres
816 3335 852 3385 illi
868 3351 963 3399 versus,
987 3351 1048 3401 quos
1064 3334 1105 3384 hie
1118 3335 1232 3400 legimus,
1248 3335 1322 3397 erod

159 3426 282 3476 interdum
300 3440 373 3490 opere
394 3424 420 3472 in
437 3422 508 3486 longo
520 3420 661 3480 erraverim,
676 3420 747 3469 venia
760 3420 822 3469 mihi
833 3420 989 3469 concedatur.
1006 3419 1037 3471 V.
1052 3418 1079 3470 C.

193 3510 228 3575 (2)
246 3507 284 3558 Gi.
300 3508 360 3557 illud
375 3506 470 3557 Solonis
481 3523 488 3557 ε
500 3527 512 3550 «ι
524 3505 646 3572 Γηράσκω
660 3504 681 3552 δ’
695 3505 742 3553 αἰεὶ
755 3505 832 3555 πολλὰ
844 3503 1049 3567 διδασκόμενος.»

193 3595 228 3659 (3)
244 3592 331 3643 Versus
344 3607 435 3657 graeeus
446 3600 481 3640 est
492 3609 498 3638 ι
510 3611 522 3634 e
533 3591 556 3640 ‘A
571 3588 753 3655 φιλοχρηματία
765 3589 878 3655 Σπάρταν
890 3588 948 3647 ὀλεῖ,
961 3586 1019 3638 ἄλλο
1031 3586 1058 3636 δὲ
1068 3586 1164 3637 οὐδέν.»

193 3678 230 3745 (Ι)
248 3678 360 3727 Pericles.
1171 3671 1173 3675 ’
1271 3702 1274 3709 ⁴

201 3765 227 3829 5)
245 3762 300 3814 vid.
314 3760 438 3827 Aristoph.
455 3757 571 3825 (Aelium.
586 3759 662 3824 550):
676 3758 829 3823 ’'Hcrpooc',
841 3757 956 3823 ἐάρόντα,
968 3756 1090 3813 ξυνεκύκα
1098 3757 1142 3816 τὴν
1152 3754 1270 3807 Ἐλλάδα.
1284 3778 1296 3801 ιι

193 3851 229 3914 (6)
247 3848 413 3898 Aristoxenus.

191 3932 229 3999 (7)
246 3928 302 3979 vid.
318 3927 443 3993 Aristoph.
462 3927 576 3995 (Vesp.):
591 3947 603 3969 e
617 3926 705 3991 ‘'Epdor
717 3942 752 3981 τις
765 3921 794 3985 ἢν
806 3925 912 3980 ἕκαστος
926 3924 1000 3983 εἰδείη
1011 3922 1107 3989 τέχνην.
1120 3943 1132 3965 ν

192 4015 229 4079 (8)
248 4011 345 4062 Graccus
358 4026 440 4060 versus
453 4009 494 4058 hic
506 4018 557 4059 est:

474 4149 487 4173 a
498 4126 576 4192 Ἐμοῦ
588 4127 711 4192 θανόντος,
725 4129 785 4192 γαῖα
800 4130 907 4195 μιχθήτω
917 4129 985 4194 πυρί.
995 4148 1007 4172 n

477 4220 525 4258 Post
538 4221 643 4257 mortuum
652 4228 693 4265 me,
704 4220 786 4258 tamma
795 4223 862 4258 terras
874 4218 967 4258 misceat.

190 4315 270 4377 Quum
283 4312 362 4364 critici
375 4326 453 4361 mores
465 4309 593 4360 duodecim
603 4310 722 4362 cesarum
736 4312 880 4379 quibusdam
894 4311 1019 4362 sententiis
1030 4309 1166 4377 exprimere
1180 4311 1321 4371 solerer-unt,
