2790 4770
623 368 779 428 „q-

117 508 222 584 gatam
244 503 340 582 igitur
369 502 535 564 materiam
549 521 709 567 resumere
732 523 858 584 prorsus
871 504 982 567 inutile
1004 513 1095 569 esset.
1112 507 1190 570 Mihi
1205 528 1284 573 vero

116 610 241 674 animus
264 614 311 672 est
321 609 482 691 inquirere
501 628 541 671 an
556 613 709 689 quasdam
725 630 767 674 ex·
777 613 839 674 iilis
854 613 948 674 Tullii
964 612 1284 693 interpretationibus

115 716 239 780 divitias
261 718 359 780 latina
387 717 500 790 oratio,
530 717 656 798 poetica
682 719 886 798 pedestrisve,
917 723 1176 799 comparaverit:
1201 744 1283 806 quas

114 827 264 907 equidem
278 826 404 906 exiguas
429 845 495 889 non
510 831 670 905 putarem,
690 825 750 887 nisi
766 845 838 905 pars
854 845 968 908 magna
980 833 1078 892 tantae
1089 831 1282 896 hereditatis

111 953 130 997 a
144 935 278 1015 posteris
308 934 551 997 desideraretur.
578 934 683 996 Pauca
696 934 819 996 scilicet
833 940 864 996 et
879 934 1075 1014 brevissima,
1091 944 1209 1018 praeter
1225 942 1281 1002 Ti-

111 1059 229 1105 maeum
246 1046 277 1103 et
291 1040 381 1102 Arati
396 1039 562 1119 Φαινόμενα,
589 1045 762 1120 supersunt
783 1041 969 1120 fragmenta,
990 1042 1127 1124 ideoque
1150 1047 1282 1125 pericu-

110 1151 177 1214 lum
190 1155 238 1214 est
252 1167 291 1213 ne
306 1167 370 1212 non
383 1149 555 1214 versavisse
572 1150 628 1211 diu
642 1149 751 1212 videar

708 1317 782 1390 Quid
793 1318 867 1375 ferre
879 1329 1024 1389 recusant,

396 1406 462 1479 quid
477 1407 584 1464 valeant
599 1406 708 1463 humeri
722 1407 777 1480 (1);
813 1473 815 1477 ¹

110 1574 170 1638 nisi
185 1575 365 1655 patentibus
386 1575 554 1636 ostendere
577 1591 692 1654 queam
712 1575 868 1656 exemplis
892 1576 1079 1638 Ciceronem
1092 1553 1177 1640 haud
1198 1597 1277 1658 par-

112 1700 189 1747 vum
203 1683 343 1745 sermoni
366 1680 465 1743 latino
489 1680 642 1760 adjecisse
661 1680 901 1762 patrimonium.
924 1684 1010 1761 Opus
1036 1689 1149 1746 tamen
1162 1703 1278 1766 aggre-

113 1791 193 1867 dier,
210 1790 287 1852 illud
303 1773 367 1853 non
378 1807 507 1869 prorsus
520 1787 648 1850 irritum
662 1789 731 1850 iore
752 1794 849 1864 ratus,
861 1787 887 1849 si
900 1806 971 1875 quaa
987 1789 1114 1867 Grecis,
1129 1795 1277 1871 quamvis

112 1882 314 1978 paucissima
330 1897 428 1961 tribui
455 1897 602 1972 debeant,
631 1915 702 1977 quae
717 1901 823 1957 autem
842 1913 915 1957 vere
930 1878 1072 1959 Romana
1086 1900 1159 1977 sint,
1179 1902 1277 1979 plane

113 2003 328 2066 discreverim.
344 2005 410 2065 Hac
426 2005 513 2065 enim
532 2004 654 2065 ratione
674 2003 751 2064 mihi
764 2004 895 2066 forsitan
910 2022 989 2068 nova
1004 2025 1074 2086 quae
1087 2009 1164 2070 duas
1181 2013 1276 2088 quasi

109 2131 236 2176 sorores
259 2112 397 2193 jungunt
415 2112 541 2173 vincula
564 2111 741 2188 patefacere
756 2110 931 2190 continget,
949 2129 1009 2174 nec
1025 2111 1096 2173 ideo
1114 2111 1276 2191 ingratam

114 2220 186 2298 illis,
206 2221 261 2301 qui
279 2219 358 2283 citra
373 2221 518 2299 ultraque
539 2217 685 2279 Rhenum
707 2219 928 2297 cognationem
948 2219 1129 2298 linguarum
1143 2218 1277 2280 investi-

114 2331 199 2408 gant,
216 2329 508 2411 rem-disputavero.
528 2326 630 2397 Quum
642 2342 715 2386 vero
730 2326 861 2399 Tullius,
887 2329 1071 2388 Graecorum
1101 2320 1274 2405 interpres,

114 2432 255 2495 carmina
264 2438 295 2495 et
305 2434 457 2512 quosdam
468 2431 620 2494 orationis
634 2430 744 2493 solutae
755 2433 842 2493 locos
854 2433 1026 2512 scripserit,
1039 2435 1157 2496 induas
1166 2439 1275 2512 partes

111 2542 223 2605 'thesis
238 2543 291 2604 illa
311 2542 471 2605 dividatur
485 2557 613 2603 necesse
626 2545 683 2601 est.
701 2543 726 2601 A
744 2540 937 2602 carminibus
953 2542 1115 2620 incipiam.

150 2781 188 2851 (t)
203 2786 262 2838 Hor.
276 2792 309 2839 A.
325 2791 353 2835 r.
373 2791 404 2838 ae
419 2797 444 2837 et
459 2791 498 2836 ao.
