2790 4770
593 308 636 319 -
661 274 794 337 380-

116 420 202 481 tinus
216 417 406 487 conteratur,
431 418 467 475 ul
490 429 526 473 ca
541 430 612 492 quae
625 433 644 474 a
657 415 767 474 Graeco
795 411 951 489 scriptore
972 416 1138 473 muluatus
1162 413 1202 473 sit
1215 432 1261 490 pa-

116 529 203 587 teant
217 523 251 582 in
265 524 480 600 promptuque
494 518 558 580 sint
572 518 722 580 omnibus
737 538 743 578 :

177 800 304 852 eumont
322 799 469 851 erronum
488 799 551 850 sur
565 798 710 849 suourur
727 796 988 849 unucucsueuus
1004 796 1211 848 sulcanum.

592 881 691 948 (nme.
707 884 800 946 raas.)

591 1092 644 1144 Col.
662 1093 685 1151 l,
699 1092 738 1152 ll,
755 1093 798 1143 lll.

171 1301 220 1313 -
299 1267 446 1329 Καλέσειν
468 1261 507 1339 εἰς
529 1266 584 1335 τὴν
604 1253 767 1355 προεδρίαν
783 1266 902 1339 οὕτως·
923 1262 1004 1330 ἐπεὶ
1027 1255 1272 1353 παραδέδον·

115 1391 178 1457 ται’
196 1415 298 1465 τινες
319 1389 383 1480 μὲν
411 1385 545 1479 ἀγαθοὶ
572 1387 641 1453 καὶ
667 1386 918 1480 εὐεργετικοὶ,
945 1388 1131 1451 κελεύσειν
1161 1391 1274 1478 τιμᾷν
1314 1419 1317 1425 ’

115 1515 252 1590 αὐτοὺς
278 1509 421 1586 δυσίαις
449 1512 660 1590 τοιαύταις,
691 1514 825 1587 αὐτοῖς
855 1501 894 1574 δ’
922 1506 983 1576 οὖν
1014 1503 1199 1586 εὔξασθαι
1229 1517 1275 1588 ὡς

115 1638 211 1714 θεοῖς
231 1627 294 1727 (1),
314 1627 429 1727 δωρεὰν
449 1630 508 1727 γὰρ
530 1629 567 1700 ἂν
588 1625 721 1707 δήποθεν
744 1625 930 1722 διειληφότα
948 1633 1018 1723 περὶ
1040 1635 1144 1700 αὐτῶν
1161 1638 1275 1725 σεμνύ-

110 1786 173 1850 νειν
193 1760 315 1827 ἑαυτόν.

168 1871 274 1951 itta&
303 1883 427 1951 οἴεται
458 1885 701 1978 Χρύσιππος,
732 1885 768 1949 τὸ
796 1887 857 1948 πᾶν
892 1872 1123 1949 ἐπιδιατάσσων
1162 1888 1200 1950 ἐν
1227 1891 1279 1967 τῷ

115 2012 247 2102 πρώτῳ
277 2009 359 2100 περὶ
384 2012 495 2088 Θεῶν,
534 1997 742 2098 διαρρήδην
779 2010 846 2082 τὴν
870 2009 987 2099 ρρένα
1017 2004 1174 2072 πάντων
1216 2009 1279 2074 καὶ

107 2136 239 2216 ’πάντα
255 2135 369 2227 λόγον
387 2136 450 2202 καὶ
468 2135 534 2208 τὴν
555 2142 622 2200 τοῦ
641 2137 733 2202 ὅλου
752 2129 886 2224 ψυχὴν,
905 2133 968 2199 καὶ
987 2143 1029 2228 τῇ
1053 2135 1193 2200 τούτου
1213 2133 1279 2225 μὲν

118 2257 214 2352 ψυχῇ
235 2258 358 2326 πάντα
376 2255 477 2348 ρυτδι
496 2248 715 2348 διαχεῖσθαι
732 2256 794 2323 καὶ
814 2244 887 2335 ζῶα
905 2243 967 2322 καὶ
984 2256 1138 2350 λόγους·
1159 2247 1210 2324 διὸ
1227 2259 1279 2324 καὶ

116 2385 199 2456 Ζῆνα
217 2383 375 2448 καλεῖσθαι
389 2385 456 2468 Δία,
479 2373 597 2470 δοτῆρα
614 2381 702 2466 βίου·
725 2381 821 2448 αὐτό
830 2408 844 2445 ν
863 2405 904 2446 τε
922 2381 1063 2471 κόσμον
1090 2387 1166 2447 τῶν
1183 2383 1279 2454 ,οἰνό-

117 2532 188 2571 σων
211 2499 378 2597 ἔμψυχον
397 2501 492 2571 εἶναι
516 2503 580 2570 καὶ
607 2503 700 2587 θεὸν,
730 2507 792 2573 καὶ
812 2506 855 2572 τὸ
878 2504 1104 2598 ἡγεμονικὸν
1131 2507 1197 2572 καὶ
1215 2509 1281 2580 τὴν

116 2704 285 2713 ——OE-

115 2827 173 2881 δος.
190 2822 294 2872 Orellius
310 2838 366 2870 rero
380 2820 477 2884 (Onom.
490 2822 567 2884 Tull,
587 2837 641 2887 pag.
657 2824 705 2871 218
721 2830 745 2870 et
765 2823 823 2884 451)
836 2821 894 2885 legit
910 2838 916 2868 ι
936 2822 998 2888 Περὶ
1010 2823 1080 2872 θεῶν
1100 2832 1123 2869 ct
1142 2825 1280 2884 Παλλάδος,

112 2907 204 2972 quippe
217 2915 309 2954 retusa
323 2904 439 2957 Cicerone
450 2904 499 2953 dno
512 2904 587 2953 libros
606 2903 672 2952 hisce
686 2902 765 2952 verbis
777 2903 906 2968 designari.
922 2905 949 2953 Si
963 2905 1036 2954 fidem
1050 2904 1152 2954 illorum
1170 2908 1283 2974 opinioni

113 2991 245 3047 habemus,
261 2988 357 3036 Plraedri
368 3005 428 3057 opas
441 2987 537 3045 Tullio,
553 3002 629 3052 quum
636 2987 677 3036 hic
687 2987 784 3037 Cottam
792 2987 967 3053 Epicureorum
979 2990 1085 3039 rationes
1095 2991 1282 3057 redarguentem

114 3063 253 3133 induceret,
264 3088 375 3138 magnam
387 3070 490 3137 praebuit
504 3071 642 3121 utilitatem.
652 3070 698 3121 Sed
709 3072 740 3121 ab
754 3088 783 3122 eo
797 3073 908 3123 dissentit
921 3073 944 3123 J.
962 3073 992 3123 V.
1008 3075 1039 3123 Le
1054 3074 1152 3135 Clerc.;
1169 3077 1228 3141 legit
1243 3077 1282 3126 ille

115 3159 189 3206 homo
201 3167 295 3219 acutus,
311 3157 408 3204 nullum
420 3152 541 3203 librarioli
554 3164 641 3204 notans
652 3169 761 3205 errorem
771 3173 777 3204 ι
787 3158 897 3224 Φαίδρου
906 3167 932 3206 et
945 3157 1069 3216 Ἑλλάδος,
1082 3156 1213 3207 Phaedrum
1225 3159 1282 3208 Pla·

116 3241 178 3288 toais
190 3239 335 3305 respiciens,
349 3254 399 3288 non
412 3236 539 3286 Plaedrum
550 3239 707 3307 Epicureum.
720 3240 784 3301 Quos
795 3241 895 3306 quidem
915 3242 991 3291 libros
1017 3258 1068 3291 non
1086 3241 1226 3303 Plaoedram,
1243 3246 1283 3294 sed

116 3322 279 3375 Dicaearchum
293 3323 395 3372 edidisse
407 3322 540 3372 contendit.
553 3323 708 3374 llicaearchus
721 3326 803 3389 enim,
817 3341 894 3390 quum
905 3327 1041 3376 orationem
1058 3326 1156 3376 Phaedri
1176 3328 1283 3378 Platonls

114 3410 214 3460 minime
228 3408 360 3467 adamaret,
372 3417 472 3458 auctore
487 3406 594 3470 laae'rtio,
605 3409 758 3459 stomachum
776 3409 866 3476 erupit,
876 3421 904 3461 nt
916 3410 1044 3477 probabile
1050 3422 1098 3475 est,
1106 3411 1132 3461 in
1139 3412 1283 3477 scriptorem

117 3491 291 3544 commentario
302 3491 463 3558 sicinscripto
472 3509 478 3541 ε
488 3493 599 3558 Φαίδρου
608 3495 733 3559 περισσῶν
745 3492 786 3557 (de
797 3494 827 3542 iis
838 3512 889 3563 quc
897 3493 1036 3543 redundant
1048 3495 1073 3544 ia
1080 3494 1185 3545 Phaedro
1197 3495 1282 3545 Plata-

117 3580 171 3643 ais).
188 3577 273 3627 Eidem
286 3578 355 3633 Βίος
367 3578 510 3634 Ἑλλάδος
520 3593 534 3626 ιε
545 3576 620 3627 Suida
633 3578 785 3628 conceditur.
797 3578 856 3640 Quae
864 3597 941 3644 quum
953 3581 988 3630 ita
996 3581 1053 3639 sint,
1063 3596 1106 3646 ego
1114 3595 1166 3631 non
1175 3582 1283 3632 arbitror

116 3663 169 3714 fieri
179 3678 248 3730 posse
259 3670 287 3710 ut
301 3661 374 3726 hujus
384 3661 525 3727 quaestionis
535 3661 609 3712 hodie
618 3663 696 3712 nodus
709 3664 854 3730 explicetur.
865 3664 926 3715 Nam
935 3664 1007 3714 multi
1022 3666 1100 3715 multa
1109 3668 1282 3732 conjecerunt,

110 3741 160 3818 ,lec
172 3746 281 3812 judicata
294 3761 333 3794 res
346 3754 391 3794 cst.
407 3773 438 3781 —
453 3744 507 3795 Non
517 3746 569 3811 jam
582 3744 686 3795 Phaedro
703 3745 730 3794 in
750 3746 894 3809 Germania,
914 3749 956 3798 sed
970 3747 1114 3810 Plrilademo
1135 3767 1150 3800 a
1171 3751 1284 3817 plurimu

115 3840 166 3894 istae
179 3834 269 3882 dantur
283 3829 409 3895 relliquiae.
423 3829 479 3878 vid.
501 3831 532 3880 ll.
547 3830 656 3897 Sauppe,
676 3833 847 3883 Commentario
862 3831 892 3888 de
904 3830 1040 3881 Philodami
1056 3831 1120 3881 libro
1133 3834 1174 3902 qai
1188 3829 1284 3901 suit'de

115 3921 217 3968 Pietate.
232 3915 364 3978 Gottiugae,
381 3916 454 3972 leot,
465 3913 491 3962 iu
505 3920 539 3965 4·.
550 3943 579 3952 -
592 3915 679 3966 Utrum
689 3916 748 3965 huic
761 3932 793 3966 an
802 3917 839 3966 illi
853 3917 990 3967 tribuendas
998 3917 1047 3967 sint
1056 3934 1159 3983 ,parum
1170 3918 1283 3968 invenio·

115 4002 184 4064 Quod
195 4000 287 4049 adrem
299 4006 442 4063 praesentem
455 3996 557 4056 attinet,
571 3997 631 4046 milri
646 3999 703 4048 satis
714 4008 750 4048 cst
763 3999 782 4048 si
795 3999 887 4049 nemini
899 3999 931 4049 sit
946 3999 1050 4048 dubium
1063 3997 1126 4064 quin
1141 3999 1204 4048 illud
1218 3998 1282 4064 trag·

114 4096 225 4136 mentum
239 4084 272 4132 Μ.
291 4083 371 4132 Tullio
383 4080 523 4131 Stoicorum
533 4081 661 4147 interpreti
671 4082 737 4132 haud
749 4099 835 4148 parum
849 4082 977 4149 profuerit.

148 4175 182 4234 (1)
199 4170 291 4230 Verba,
305 4185 359 4235 quae
372 4183 402 4216 er
413 4167 460 4215 alia
474 4167 556 4232 lingua
570 4167 595 4216 in
610 4168 683 4216 aliam
696 4169 815 4218 translata
831 4185 881 4218 esse
898 4167 1068 4233 intelligimus,
1084 4184 1098 4216 υ
1117 4183 1157 4217 me
1173 4175 1230 4216 sunt
1246 4182 1283 4215 νε-

115 4255 176 4305 riata
189 4255 251 4321 typis
265 4254 445 4316 distinctaque,
457 4268 505 4315 quo
515 4251 610 4301 facilius
624 4250 688 4301 inter
697 4269 722 4302 se
736 4252 842 4301 conferri
854 4261 952 4317 queant.
