2790 4770
122 351 154 405 et
168 343 300 405 inferius
314 364 321 404 z

229 536 253 589 Ο
268 548 328 589 mea
342 549 438 606 puera,
451 534 519 606 quid
533 536 608 592 verbi
623 552 656 592 ex
668 545 717 593 tuo
733 552 780 593 ore
792 552 875 609 supra
888 535 976 609 sugit?

228 638 341 704 Τέκνον
361 638 446 730 ἐμὸν,
466 645 553 706 ποῖον
572 665 604 707 σε
624 643 695 720 ἔπος
715 641 806 736 φύγεν
822 644 906 735 ἕρκος
928 633 1086 725 ὀδόντωνς

119 813 197 884 Quis
208 791 342 875 dixisset
355 814 528 892 elegantius
543 816 656 876 eodem
670 816 740 877 haeo
756 817 938 878 scribente?

228 982 330 1036 Utrum
346 995 435 1051 genua
448 981 617 1052 amplectans
631 981 764 1054 virginem
779 990 881 1051 oraret,

225 1060 256 1147 H
275 1083 388 1175 γούνων
405 1082 541 1150 λίσσοιτο
555 1078 660 1150 λαὸὼν
684 1076 823 1151 εὐώπιδα
842 1086 978 1177 κούρην,

120 1254 165 1323 et,

228 1381 316 1448 Quem
330 1394 381 1452 ego
393 1379 554 1437 nefrendem
570 1381 637 1450 alul,
649 1382 766 1467 lacteam
779 1383 945 1456 immulgens
958 1400 1050 1455 opem,

229 1473 337 1549 [latia
354 1479 412 1577 γὰρ
433 1475 541 1576 ἀνδρὸς
562 1486 629 1563 ἑῆος
648 1485 689 1551 ἐνὶ
709 1482 849 1580 μεγάροις
872 1487 1044 1557 ἀτιτάλλω.

106 1678 236 1737 ulrum
259 1675 424 1738 Saturnius
449 1677 508 1739 iste
532 1694 640 1738 versus
656 1677 762 1740 rooari
781 1678 1021 1756 debeatneene,
1049 1699 1161 1761 parum
1187 1701 1274 1744 euro.

119 1786 189 1844 Hoc
208 1787 314 1844 autern
332 1788 417 1844 certe
442 1783 506 1844 seio
529 1783 703 1845 tardiorem
727 1801 763 1844 ao
789 1784 965 1862 graviorem
990 1786 1212 1847 hexametrum
1237 1787 1276 1848 ad

118 1906 213 1950 aures
227 1889 333 1950 venire
351 1871 382 1950 el
401 1890 440 1949 ad
455 1886 627 1950 llexibilem
649 1889 779 1950 Homeri
798 1890 975 1951 orationem
995 1891 1192 1953 reddendam
1210 1910 1277 1955 esse

118 1995 342 2085 multominus
357 1997 648 2058 accommodatum.
666 1997 740 2058 Mihi
755 2015 814 2076 pro
829 1999 976 2077 exemplo
992 2005 1041 2061 est
1053 2000 1202 2062 Horatius
1217 2021 1223 2060 :

226 2171 279 2228 Dic
295 2171 372 2242 mihi,
387 2188 478 2244 musa,
492 2172 594 2239 virum,
611 2181 699 2245 captae
711 2183 775 2245 post
786 2182 913 2247 tempora
923 2175 1028 2248 Trojae,

226 2262 272 2334 qui
287 2277 380 2321 mores
391 2262 535 2319 hominum
550 2262 705 2320 multorum
718 2262 787 2319 vidit
800 2272 829 2320 et
838 2265 930 2322 urbes.

118 2442 243 2512 Quanto
257 2439 439 2520 diligentius
452 2442 630 2503 Homericae
647 2441 814 2504 subtilitati
829 2444 1003 2521 respondet
1018 2444 1072 2506 ille
1087 2445 1141 2523 qui
1163 2461 1203 2505 ne
1224 2467 1277 2505 πο-

118 2547 249 2627 λύτροπον
264 2548 395 2628 quidem
418 2548 536 2622 omisit,
555 2554 596 2623 et,
614 2549 784 2610 verborum
802 2547 915 2610 ordine
933 2554 1069 2625 servato,
1086 2550 1170 2612 haud
1185 2570 1276 2630 pror-

119 2672 174 2715 sus
190 2653 321 2715 inferior
337 2655 510 2734 exemplari
521 2655 701 2734 judicaturi
720 2656 820 2734 Saepe,
836 2655 946 2730 fateor,
966 2654 1043 2716 durn
1057 2656 1276 2734 longissimum

119 2779 202 2842 opus
224 2761 401 2844 moliretur,
423 2763 578 2824 sermonis
607 2780 714 2825 errore
737 2763 801 2824 labi
825 2761 953 2839 debuit,
980 2781 1078 2841 quum
1103 2780 1136 2824 se
1158 2762 1277 2825 viribus

120 2869 310 2932 exhaustum
327 2877 381 2932 aut
393 2876 482 2934 tanto
496 2872 584 2932 oneri
600 2871 785 2932 sustinendo
799 2869 956 2950 imparem
976 2871 1176 2949 intelligeret.
1196 2872 1275 2932 Lau-

121 2977 219 3038 dibus
235 2981 340 3038 tamen
350 2977 554 3056 amplissimis
566 2981 614 3038 est
628 2977 816 3052 efferendus
831 2977 917 3056 quod
933 2976 1073 3055 linguam
1088 2977 1273 3052 Romanam,

120 3081 266 3160 quamvis
280 3083 410 3162 inopem
428 3090 460 3146 et
473 3102 629 3163 asperam,
644 3085 815 3146 informare
831 3103 996 3164 aggressus
1017 3091 1074 3159 est,
1100 3103 1135 3148 ao
1151 3102 1276 3147 memor

118 3188 239 3266 hospes
253 3189 431 3267 hospitibus
446 3189 590 3270 benignis
609 3188 742 3252 tradidit
756 3195 1018 3264 monumentum,
1034 3188 1122 3269 enjus
1136 3189 1275 3251 auotori-

120 3300 189 3357 tate
202 3296 330 3357 tandem
346 3296 452 3358 studio
465 3296 645 3358 liberalium
667 3297 782 3358 artium
799 3313 932 3358 aceensa
951 3296 1076 3376 ingenia
1087 3296 1276 3357 'Homericos

117 3407 255 3467 haustus
266 3405 424 3467 biberunt.
440 3406 501 3467 Sed
517 3405 587 3467 haee
601 3407 753 3467 hactenus
766 3405 805 3464 de
819 3406 956 3484 Odyssea
974 3404 984 3484 (
1005 3404 1027 3483 >.

162 3514 245 3584 Ouid
261 3518 367 3576 autem
381 3515 421 3574 de
445 3513 606 3593 tragoediis
622 3513 697 3575 Livii
713 3513 846 3593 loquar?
873 3515 1013 3585 Quarum
1037 3512 1148 3572 mutila
1171 3511 1275 3573 adhue

116 3624 245 3683 exstant
259 3621 445 3700 fragmenta.
479 3620 641 3682 «Livianae
656 3619 782 3694 fabulae,
805 3620 848 3681 ait
863 3619 984 3692 Cicero,
1005 3617 1158 3679 nonsatis
1173 3617 1276 3697 dignae

114 3740 195 3810 quae
206 3729 321 3790 iterum
335 3731 492 3809 legantur.
507 3751 522 3788 u
541 3729 595 3791 Isti
603 3729 727 3808 judicio
740 3730 836 3791 fidem
847 3729 1011 3803 addamus,
1027 3730 1178 3808 quoniam
1190 3729 1277 3790 nulla

114 3835 217 3899 nobis
232 3835 368 3913 supersit
381 3834 533 3896 laudandi
547 3841 601 3897 aut
614 3835 773 3896 refutandi
789 3834 883 3913 eopia
900 3853 907 3895 ε
932 3833 1102 3914 potiusque
1114 3835 1276 3897 videamus

153 4074 192 4138 (l)
213 4070 267 4121 vid.
284 4072 311 4120 H.
326 4071 411 4136 ligger,
427 4087 451 4136 p.
475 4073 520 4121 116
538 4079 562 4120 et
576 4087 628 4137 sqq.
647 4070 734 4121 Versus
753 4072 852 4122 Homeri
871 4073 1043 4139 interpretatos
1055 4070 1185 4133 indicavit,
1204 4080 1276 4122 ulex

111 4156 305 4225 comparatione
318 4157 414 4222 planior
433 4155 591 4221 reliquiarum
606 4155 669 4206 Livii
682 4157 750 4208 lieret
762 4159 901 4224 explicatio.
912 4157 1013 4209 lulerius
1026 4165 1082 4208 ante
1093 4157 1175 4207 oeulos
1189 4172 1277 4224 propo·

112 4247 154 4299 sui
170 4253 266 4297 curseto
276 4243 384 4293 earmina
398 4261 412 4293 e
424 4243 518 4293 duobus
530 4243 608 4310 poetis
622 4255 742 4311 excerpta.
