2790 4770
658 333 700 342 “-
723 318 781 361 vltt
805 332 847 342 *-

610 509 690 561 PARS
707 508 889 560 costenten.

191 685 227 720 ott
244 683 274 721 Μ.
294 681 392 720 uetito
410 681 540 719 ctcttnoitu
559 683 705 721 PROSARUH
723 682 885 722 SCRIPTORES
908 681 962 718 AUT
981 678 1067 717 ΕΤΙΑΜ
1085 676 1189 715 POETAS
1207 675 1316 712 GRAECOS

439 767 579 806 ORATIONB
597 769 702 807 soture
721 770 749 806 ΙΝ
768 767 891 807 tertuum
909 765 1063 805 VERTENTE.

176 1062 239 1114 Car.
257 1063 277 1111 l.
339 1092 370 1101 -
389 1064 482 1126 Quibus
495 1066 525 1115 de
539 1067 618 1116 causis
634 1067 719 1118 Cicero
735 1067 860 1117 Platonem
875 1067 983 1132 aliosque
1000 1064 1097 1129 ingenio
1111 1071 1250 1129 prestantes

424 1150 582 1217 philosophos
595 1152 712 1203 verterit?
721 1152 889 1214 -Quomodo
907 1152 981 1211 idem,
995 1151 1053 1199 dum
1069 1146 1249 1214 Philosophiam

423 1234 505 1284 latinis
519 1234 607 1285 litteris
620 1235 784 1301 persequitur,
798 1234 954 1302 interpretari
968 1234 1068 1283 soleati'.
1070 1265 1244 1284 ..........
1287 1230 1336 1276 125

174 1318 239 1368 Car.
258 1318 288 1369 ll.
337 1346 368 1356 —
387 1318 444 1368 Loci
454 1319 561 1371 Platonis
571 1319 1078 1388 aliorumquephilosophorumaCicerone
1085 1313 1246 1382 interpretati.
1287 1315 1332 1362 131

174 1402 239 1453 CAP.
260 1402 302 1455 ltl.
339 1432 370 1440 —
388 1403 435 1454 Atii
449 1414 474 1455 et
488 1407 628 1456 eorumdem
641 1416 666 1457 et
680 1407 783 1457 aliorum
798 1407 937 1457 Craeeorum
951 1405 1097 1471 scriptorum
1111 1401 1159 1452 loci
1177 1399 1248 1462 rarii,

423 1507 483 1556 quos
498 1491 584 1542 Cicero
599 1493 774 1559 interpretatur
787 1503 830 1544 aut
846 1495 877 1543 ad
893 1508 954 1558 qnos
968 1491 1074 1541 alludit:
1088 1487 1131 1554 qui
1144 1503 1190 1537 nec
1206 1486 1249 1535 de·

423 1575 538 1637 buerunt,
549 1593 594 1627 nee
606 1588 740 1644 potuerunt
753 1594 810 1627 enm
823 1576 990 1644 superioribus
1000 1574 1069 1641 jungi
1086 1604 1243 1623 ..........
1284 1570 1334 1618 202

173 1659 238 1710 CAP.
258 1659 298 1709 tV.
341 1688 370 1697 —
390 1659 503 1710 Carmina
521 1662 619 1711 Homeri
640 1673 664 1713 et
682 1663 786 1712 aliorum
809 1663 970 1729 quorumdam
988 1669 1127 1727 poetarum,
1146 1671 1249 1723 quorum

421 1761 517 1795 sensum
531 1745 616 1796 Cicero
628 1747 744 1812 expressit
754 1747 863 1797 oratione
872 1748 950 1798 solnta
954 1774 1245 1799 ..................
1285 1741 1333 1788 227

172 1828 236 1878 CAP.
255 1828 284 1876 V.
338 1857 366 1865 -
384 1828 476 1879 Voeum
493 1847 626 1895 graecarum
644 1832 928 1898 interpretationesque
946 1811 1035 1897 passim
1053 1830 1167 1893 leguntur
1185 1821 1250 1890 apud

422 1914 564 1966 Ciceronem
567 1944 1245 1969 ........................................
1285 1911 1337 1957 235

172 1999 236 2048 Car.
258 1998 296 2049 v1.
336 2029 368 2038 -
385 2000 511 2051 Ciceronis
524 2002 565 2051 ttii
579 2003 625 2053 loci
639 2003 665 2052 in
677 2003 765 2069 quibus
776 2003 850 2053 rerba
865 2004 974 2069 quendam
987 2018 1062 2067 graeea
1077 1999 1251 2063 interpretatur

421 2096 449 2135 ut
468 2087 494 2135 in
512 2088 681 2153 superioribus
692 2089 767 2150 loeis3
782 2090 823 2138 sed
837 2089 899 2154 ipsas
913 2105 1001 2154 grecas
1014 2104 1085 2137 roees
1097 2102 1146 2135 non
1160 2079 1252 2132 adscri-

423 2169 495 2232 bens;
508 2171 598 2221 alicubi
612 2173 686 2222 etiam
700 2173 857 2238 interpretari
870 2190 895 2223 sc
909 2174 977 2239 quasi
992 2171 1145 2221 dissimulans
1152 2204 1244 2218 ......
1285 2166 1336 2215 265

172 2254 235 2304 Car.
254 2253 305 2303 vn.
337 2282 368 2290 —
386 2252 445 2314 Quen
457 2271 549 2319 graeca,
565 2272 619 2322 quae
633 2274 696 2306 nova
712 2257 845 2321 voeabula,
866 2275 919 2324 qua¹
936 2265 1058 2323 postremo
1070 2253 1118 2303 sint
1132 2253 1249 2302 translata

424 2341 490 2405 apud
502 2341 646 2391 Ciceronem
661 2342 801 2393 Crreeorum
815 2343 1004 2409 interpretem.
1015 2377 1021 2389 .
1031 2379 1037 2391 .
1048 2378 1054 2390 .
1067 2377 1089 2390 ..
1101 2367 1124 2391 η
1136 2371 1243 2388 ·······
1284 2338 1332 2384 274

172 2424 236 2474 Car.
255 2422 317 2473 vltl.
337 2453 359 2460 -κ
387 2422 510 2484 Quaritur
523 2443 583 2476 num
597 2427 645 2477 alia
663 2428 738 2479 inerit
757 2428 864 2479 elocutio
879 2427 992 2479 Ciceroni
1005 2443 1074 2483 suas,
1090 2425 1138 2475 alia
1152 2424 1248 2473 Graeco-

421 2526 475 2559 rnm
488 2512 619 2562 sententias
632 2514 778 2579 exprimenti
792 2532 798 2565 :
810 2531 868 2563 nnrn
883 2514 936 2579 quis
950 2514 1014 2563 inter
1028 2510 1173 2578 posteriores
1190 2508 1245 2573 phi-

422 2597 535 2664 losophos
548 2616 610 2649 nora
627 2600 700 2650 verba
711 2618 834 2667 novasque
844 2600 979 2651 locutiones
995 2616 1009 2648 e
1022 2597 1113 2647 Graeeis
1126 2611 1249 2663 expressas

422 2685 574 2751 usurpaverit
577 2716 1242 2739 .......................................
1281 2681 1330 2729 291
1368 2679 1371 2684 ’

170 2766 234 2816 Car.
255 2765 295 2816 ΙΧ.
336 2796 367 2803 -
386 2767 420 2816 De
432 2767 526 2818 ‹liversa
540 2770 665 2835 utriusque
679 2770 766 2834 linguae
778 2780 873 2819 natura.
885 2800 915 2807 —
929 2770 986 2830 Qum
1002 2770 1033 2819 sit
1047 2769 1117 2834 graci
1131 2763 1247 2816 sermonis

420 2850 512 2900 utilitas
528 2867 533 2901 :
550 2853 683 2919 (punitique
697 2855 812 2904 momenti
835 2854 907 2904 suerit
922 2855 953 2905 ad
973 2853 1093 2918 augendas
1109 2852 1245 2901 litterarum

418 2950 474 3000 Opes
488 2937 563 2987 latina
576 2954 708 3002 gracorum
722 2956 823 3005 operum
839 2939 1025 3006 interpretatio?
1032 2969 1240 2987 ............
1279 2934 1330 2982 302

169 3019 318 3070 contrusio
326 3053 598 3070 ................
612 3059 615 3063 .
628 3050 1238 3073 ,,,,,,,,,,,,,,,,,,,,,,,,,,,,,,,,,,,,,
1279 3017 1325 3065 311

169 3354 288 3405 ertcon
302 3356 509 3407 Ctennoruaunn
524 3354 761 3404 Cuneo-Larinum
782 3394 1070 3406 .................
1100 3396 1102 3401 ,
1116 3396 1120 3406 ,
1133 3397 1136 3405 .
1148 3394 1168 3403 ..
1199 3393 1219 3404 ..
1233 3392 1236 3401 .
1278 3360 1326 3406 313
