2790 4770
612 230 767 290 ...g-

75 383 79 389 ’
152 364 194 424 At
206 365 356 426 Martialis
372 367 426 444 (1),
443 367 545 427 multo
562 365 719 441 acerbior,
735 366 875 428 ‘tullium
889 366 987 427 invita
1000 366 1140 428 Minerva
1158 384 1270 428 versus

112 467 293 532 condidisse
304 471 471 550 significat.
483 474 524 533 At
531 472 744 550 probatissimi
754 471 959 552 Antiquitatis
971 478 1116 536 auctores
1125 474 1163 554 (2)
1178 473 1271 537 Cice-

112 579 182 640 roni
197 581 262 642 vim
276 582 385 644 deesse
399 583 569 661 poeticam,
590 587 621 643 et
640 581 781 642 carmina
800 581 865 660 ejus
885 580 989 660 potius
1004 583 1109 644 lorum
1123 583 1271 646 redolere

113 704 209 766 quam
224 688 390 750 Castaliam
414 694 566 751 asserunt.
587 690 692 768 Atque
714 689 796 750 inter
811 689 1002 751 recentiores
1018 688 1114 751 etiam
1129 689 1175 750 vir
1197 688 1271 768 qui-

113 795 187 855 dam
211 795 316 857 latinis
339 797 492 858 doctrinis
520 797 679 859 eruditus:
709 797 884 873 «Tametsi,
901 797 1017 876 inquit,
1041 798 1202 860 Ciceronis
1216 796 1272 859 Li-

19 911 24 920 ’
112 917 241 962 monem
271 903 437 980 (poematis
449 893 490 964 'id
520 904 647 985 nomen)
667 905 742 966 citat
758 908 905 980 Donatus,
922 904 976 966 ubi
998 905 1038 966 de
1052 905 1193 966 Terentii
1206 905 1271 967 vita

113 1007 186 1086 agit,
204 1009 344 1089 illudque
360 1009 489 1089 llirgilii¹
505 1011 701 1072 existimatur
715 1030 731 1072 a
747 1012 897 1073 Cicerone
913 1017 1083 1092 sumptum,

595 1212 657 1269 spes
668 1199 753 1254 altera
764 1201 862 1255 Romae
874 1201 922 1268 (3),

114 1288 146 1344 et
160 1283 249 1358 illud,

228 1515 235 1529 .
265 1513 272 1528 .
300 1517 306 1529 .
336 1477 470 1550 corripuit
483 1477 608 1534 tremulis
623 1476 904 1555 altariallammis(ll,

113 1665 178 1731 non
197 1647 270 1707 ideo
298 1651 405 1709 tamen
434 1649 524 1710 illurn
549 1656 676 1731 poetam
692 1649 883 1716 crediderim
900 1649 951 1726 (5).
972 1670 987 1706 e
1013 1649 1082 1710 Non
1096 1655 1189 1726 poeta
1202 1649 1270 1710 lor-

112 1759 204 1828 tasse,
232 1756 286 1816 sed
309 1755 502 1818 versificator
524 1757 607 1818 baud
625 1757 792 1838 imperitus
816 1755 935 1816 exstitit
949 1754 1003 1816 ille
1016 1757 1166 1816 Romanae
1181 1756 1269 1835 prin-

114 1875 189 1938 ceps
204 1861 401 1940 Eloquentiae
419 1880 494 1924 :nec
512 1862 543 1923 id
557 1866 700 1942 profecto
714 1861 903 1936 infitiabere,
919 1860 944 1920 si
959 1877 1085 1920 mecum
1100 1859 1270 1938 diligenter

114 1968 273 2030 examines
302 1970 427 2047 qualem
452 1988 470 2030 a
499 1971 714 2049 superioribus
734 1970 837 2049 poetis
853 1969 1014 2046 exceperit
1033 1967 1173 2047 linguam
1187 1987 1267 2046 qua-

34 2163 37 2166 4
114 2077 241 2156 lemque
260 2078 392 2157 egregiis
412 2077 576 2157 reliquerit
589 2079 759 2141 heredibus
771 2099 790 2153 ;ι
801 2096 903 2158 neque
915 2082 1039 2139 tantum
1056 2094 1091 2138 ea
1107 2076 1179 2138 dico
1194 2094 1267 2156 quae

113 2187 152 2246 ad
172 2183 323 2264 linguam,
350 2186 381 2245 id
398 2190 454 2261 est,
472 2186 511 2246 ad
532 2185 684 2247 orationis
702 2186 855 2248 circuitus
871 2203 906 2246 ac
919 2185 1070 2247 vocabula
1092 2201 1268 2262 omnesque

113 2292 271 2356 scribendi
299 2301 392 2370 artes,
421 2294 477 2356 sed
502 2295 658 2357 etiamad
687 2312 755 2356 rem
772 2295 939 2356 metricam
955 2293 1182 2372 lenitatemque
1198 2309 1269 2354 rer-

113 2399 226 2462 horum
240 2398 419 2478 pertineant
434 2398 490 2479 (6).

147 2615 182 2682 (Ῑ)
353 2635 450 2676 Carmina
459 2637 513 2685 quod
522 2635 596 2675 scrlbls
606 2635 675 2675 Musis
684 2640 706 2676 et
715 2635 810 2684 Apolline
820 2636 879 2677 nullo

353 2696 435 2738 laudari
449 2699 509 2738 debes
520 2709 525 2737 r
537 2698 576 2739 hoc
585 2697 692 2738 Ciceronis
701 2699 771 2738 bobes.

784 2760 848 2799 Mart·
860 2762 886 2808 ll,
896 2759 951 2808 epig·
964 2768 997 2798 se.

148 2869 183 2935 (2)
202 2868 267 2920 Inter
280 2877 321 2919 eos
334 2868 424 2920 eminet
436 2867 608 2930 Quintilianus,
624 2870 689 2935 apud
701 2885 773 2934 quem
783 2868 834 2918 hac
846 2869 973 2933 leguntur:
983 2890 995 2910 «
1005 2866 1142 2917 Videndum
1156 2867 1230 2917 etiam
1239 2885 1271 2920 ue

115 2954 210 3021 syllabae
223 2954 290 3004 verbi
305 2954 394 3020 prioris
403 2954 494 3004 ultimae
507 2954 555 3005 sint
567 2955 651 3021 primae
661 2953 782 3020 sequentis
795 2972 801 3002 :
816 2954 839 3003 id
850 2969 881 3003 ne
892 2953 946 3018 quis
960 2952 1059 3019 praecipi
1073 2951 1183 3012 miretur,
1200 2952 1271 3002 Cice·

114 3039 168 3088 roui
183 3039 209 3088 in
222 3038 329 3104 epistolis
344 3038 444 3099 excidit,
455 3061 467 3080 u
480 3055 518 3088 res
529 3039 590 3088 mihi
605 3039 687 3089 invisae
700 3039 755 3088 visre
770 3049 834 3098 sunt,
850 3039 924 3088 Brute
939 3055 963 3099 υς
980 3048 1005 3088 et
1018 3038 1044 3087 in
1058 3037 1205 3087 numinibus
1217 3056 1243 3087 :«
1256 3054 1270 3086 o

114 3124 261 3173 fortunatam
273 3133 385 3173 natam...
396 3147 408 3166 n
417 3152 451 3161 —
461 3123 564 3174 inferius
573 3125 599 3173 in
611 3124 674 3175 libro
686 3125 705 3174 ll
718 3141 749 3174 ue
763 3124 905 3175 Ciceronem
918 3124 1018 3190 quidem
1032 3132 1128 3188 poetam
1143 3122 1269 3172 nominare

109 3209 232 3276 dignatur.

147 3294 183 3360 (3)
201 3292 266 3358 Virg.
280 3295 337 3343 AEn..
352 3291 404 3355 llll,
422 3295 478 3342 168.

148 3380 183 3444 (t)
200 3377 266 3442 Virg.
282 3375 337 3426 Ecl.
352 3375 415 3427 vlll.

147 3462 183 3526 (5)
201 3461 223 3511 Α
233 3462 313 3511 Cassio
323 3461 411 3511 Severo
420 3462 610 3527 responsumsibi
619 3461 709 3513 Seneca
718 3463 744 3512 iu
754 3463 825 3526 tertio
838 3462 1044 3513 Declamationum
1052 3461 1137 3511 scribit
1148 3477 1154 3510 :
1165 3484 1176 3506 n
1184 3466 1207 3505 V
1207 3462 1270 3528 irgi-

113 3546 172 3596 lium
186 3546 234 3596 illa
241 3545 353 3612 felicitas
367 3547 458 3614 ingenii
468 3549 578 3596 oratione
590 3546 669 3596 soluta
678 3546 783 3616 reliquit,
796 3547 931 3597 Ciceronem
946 3544 1080 3616 eloquentia
1090 3563 1132 3594 sua
1145 3546 1169 3594 in
1184 3545 1270 3594 earmi-

113 3629 181 3679 nilrus
195 3629 334 3683 destituit.»
345 3631 391 3696 (Ex
404 3631 475 3698 Greg.
496 3631 590 3682 Gireldi
602 3629 671 3683 Dial.
687 3629 727 3680 IV.
744 3630 790 3681 ud.
805 3629 935 3692 Maittaire,
949 3630 998 3679 vol.
1016 3629 1051 3690 ll,
1067 3646 1092 3694 p.
1112 3631 1189 3691 1516,
1205 3628 1270 3677 Lon-

113 3716 174 3775 diui,
193 3719 276 3782 1113.)

147 3801 182 3866 (6)
200 3802 313 3868 Exceptis
326 3802 394 3861 locis,
407 3819 467 3869 quos
478 3819 492 3854 e
504 3802 592 3854 Grecis
605 3804 733 3853 translatos
748 3799 911 3867 cognorimus,
927 3800 1000 3850 rerba
1012 3810 1108 3851 tentum
1124 3799 1270 3866 perspiciam

112 3903 165 3953 quae
176 3887 326 3939 manifestius
337 3889 562 3956 interpretationem
576 3888 767 3939 imitationemve
780 3887 920 3938 ostendunt.

593 4132 783 4143 ...u-—
