2790 4770
651 378 849 445 -148-

172 530 224 596 καὶ
242 520 295 596 διὰ
314 541 428 616 ταῦτα,
449 538 467 606 ή
487 541 543 610 τῆς
559 536 631 624 μιᾶς
646 531 697 598 καὶ
721 528 956 624 φρονιμωτάτης
973 533 1145 606 κυκλήσεως
1164 521 1328 621 περίοδος·

172 653 236 746 μεὶς
252 647 299 742 δὲ,
315 641 437 721 ἐπειδὸιν
452 660 560 731 σελήνη
578 657 778 750 περιελθοῦσα
792 657 843 723 τὸν
859 659 969 731 ἑαυτῆς
984 655 1095 721 κύκλον
1115 657 1199 728 ἥλιον
1216 659 1330 722 ἐπικα-

171 774 293 873 ταλάύη
306 803 313 820 ·
327 781 463 860 ἐνιαυτὸς
478 771 525 862 δὲ,
538 781 657 848 ὁπόταν
670 787 755 859 ήλιος
771 782 825 848 τὸν
841 785 949 849 ἑαυτοῦ
964 779 1104 873 περιελθγΙ
1120 781 1241 847 κύκλον.
1257 786 1330 848 Τῶν

170 895 201 1002 δ’
221 901 322 975 ἀλλων
343 902 400 1003 τὰς
426 898 588 1000 περιόδους
617 909 672 974 οὐκ
696 905 901 983 ἐννενοηκότες
933 902 1098 999 ἀνθρωποι,
1122 907 1202 979 πλην
1228 903 1330 998 ὀλίγοι

169 1041 231 1098 τῶν
259 1036 395 1117 πολλῶν,
416 1034 488 1111 υύτε
513 1025 710 1124 ὀνομάζουσιν
735 1034 807 1099 ούτε
831 1031 907 1124 πρὸς
928 1027 1053 1103 ἀλληλα
1082 1022 1330 1122 Ευμμετροῦνται

168 1165 355 1234 σκοποῦντες
374 1155 525 1249 ἀριθμοῖς,
546 1161 639 1237 ὥστε,
658 1163 697 1236 ὡς
716 1158 788 1236 ἔπος
808 1156 913 1242 εἰπεῖν,
939 1159 995 1224 οὐκ
1016 1154 1101 1222 ἴσασι
1120 1153 1229 1247 χρόνον
1249 1154 1330 1222 ὁντα

169 1277 227 1356 τὰς
244 1281 361 1348 τούτων
378 1281 506 1363 πλάνας,
528 1281 637 1357 πλήθει
657 1282 710 1375 μὲν
733 1277 887 1375 ἀμηχάνῳ
906 1283 1074 1374 χρωμένας,
1089 1280 1329 1372 πεποικιλμένας

169 1395 204 1472 δὲ
224 1404 425 1498 θαυμαστῶς.
449 1387 526 1474 ίὸστι
545 1396 574 1471 δ’
592 1408 673 1500 ὅμως
692 1398 781 1475 οὐδὲν
798 1404 894 1481 ήττυν
911 1416 1101 1479 κατανοῆσαι
1121 1395 1271 1493 δυνατὸν,
1287 1411 1329 1482 ῶς

163 1533 218 1624 ύγε
233 1533 336 1609 τέλεος
357 1531 483 1624 ἀριθμὸς
504 1532 614 1624 χρόνον
636 1534 691 1600 τὸν
711 1535 814 1601 τελεον
836 1532 974 1600 ἐνιαυτὸν
999 1536 1117 1624 πληροῖ
1133 1530 1221 1616 τότε,
1250 1533 1328 1599 ὁταν

167 1658 295 1724 ἁπασῶν
318 1664 380 1726 τῶν
397 1660 481 1725 ὀκτὼ
501 1649 650 1751 περιόδων
676 1656 716 1727 τὰ
732 1660 808 1752 πρὸς
824 1654 947 1732 άλληλα
967 1650 1215 1751 ξυμπερανθέντα
1238 1655 1325 1750 τάχη

167 1788 228 1875 σχῇ
254 1784 388 1873 κεφαλήν
423 1790 469 1870 τῷ
496 1793 552 1851 τοῦ
577 1786 694 1851 ταύτοῦ
723 1783 776 1851 καὶ
806 1784 918 1876 ὁμοίως
947 1780 1048 1861 ἰόντος
1073 1780 1328 1875 ἀναμετρηθέντα

142 1886 279 1994 κύκλῳ.

219 2020 266 2099 X.
288 2029 379 2124 Κατὰ
393 2041 493 2100 ταῦτα
513 2024 552 2107 δή
573 2032 625 2100 καὶ
644 2033 760 2100 τούτων
783 2035 869 2100 ἕνεκα
887 2032 1027 2127 ἐγεννήθη
1051 2039 1112 2100 τῶν
1130 2026 1250 2124 άστρων
1267 2034 1327 2099 ὁσα

166 2147 208 2224 δι’
221 2160 348 2250 ούρανοῦ
366 2159 554 2252 πορευόμενα
573 2160 642 2252 ἔσχε
660 2157 789 2253 τροπὰς,
803 2160 853 2226 ἵνα
878 2151 953 2226 τόδε
973 2163 1013 2235 ῶς
1028 2157 1212 2250 ὁμοιότατον
1236 2154 1257 2250 ᾖ
1279 2165 1327 2243 τῷ

167 2285 261 2372 τελέῳ
283 2284 334 2352 καὶ
350 2295 451 2373 νοητῷ
470 2277 539 2372 ζῴῳ
557 2285 632 2378 πρὸς
647 2285 701 2357 τὴν
719 2295 774 2363 τῆς
797 2274 953 2362 διαιωνίας
977 2282 1104 2376 μίμησιν
1126 2282 1253 2377 φύσεως.
1273 2317 1326 2327 -·

169 2408 232 2475 Καὶ
246 2404 286 2474 τὸι
305 2410 359 2500 μὲν
376 2402 530 2484 ἀλλαήδη
550 2411 638 2504 μέχρι
652 2410 762 2504 χρόνου
785 2411 926 2504 γενέσεως
950 2407 1135 2503 ἀπείργαστο
1159 2407 1199 2486 εἰς
1215 2409 1325 2500 ὁμοιό-

167 2557 250 2606 τητα
268 2530 348 2630 ᾧπερ
370 2531 573 2614 ἀπεικάζετυ·
603 2545 647 2621 τῷ
673 2526 708 2602 δὲ
735 2538 828 2628 μήπω
849 2532 889 2601 τὸι
906 2533 1009 2602 πάντα
1036 2527 1102 2623 ζῷα
1121 2533 1208 2612 ἐντὸς
1224 2537 1325 2600 αὑτοῦ

165 2661 349 2753 γεγενημένα
364 2665 598 2755 περιειληφέναι,
616 2662 711 2752 ταύτῃ
738 2662 785 2727 ἔτι
802 2656 878 2752 εἶχεν
904 2659 1067 2752 ἀνομοίως.
1094 2663 1196 2726 Τοῦτο
1224 2650 1265 2734 δή
1289 2661 1325 2727 τὸ

166 2786 356 2853 κατάλοιπον
371 2779 572 2878 ἀπειργάζετο
593 2788 686 2854 αὐτοῦ
701 2789 775 2878 πρὸς
795 2784 848 2860 την
865 2796 919 2854 τοῦ
935 2776 1188 2878 παραδείγματος
1206 2784 1326 2852 ἀποτυ-

167 2910 315 3001 πυύμενος
336 2912 434 3002 φύσιν.
451 2887 540 3003 {Imp
559 2907 609 2976 οὖν
631 2922 699 2990 νοῦς
715 2913 837 2989 ἐνούσας
858 2902 941 2989 ἰδέας
961 2920 1018 2997 τῷ,
1035 2906 1050 2974 ὁ
1069 2910 1135 2976 ἔστι
1153 2896 1242 2997 ζῷον,
1264 2905 1326 2977 οἷαί

167 3059 201 3100 τε
226 3030 315 3101 ἔνεισι
338 3037 391 3101 καὶ
416 3037 497 3120 ὁσαι,
516 3035 646 3129 καθορᾷ,
669 3038 816 3114 τοιαύτας
841 3034 893 3102 καὶ
913 3036 1070 3112 τοσαύτας
1099 3024 1237 3109 διενοήθη
1260 3025 1324 3100 δεῖν

123 3170 127 3179 ’
167 3158 218 3224 καὶ
243 3151 317 3224 τόδε
341 3167 435 3251 σχεῖν.
458 3161 528 3229 Εἰσὶ
552 3154 587 3228 δὲ
607 3164 773 3254 τέτταρες·
800 3160 856 3254 μία
881 3163 934 3254 μὲν
961 3159 1097 3254 οὐράνιον
1122 3159 1195 3226 θεῶν
1224 3162 1324 3252 γένος,

167 3277 245 3356 άλλη
262 3275 296 3351 δὲ
311 3285 427 3358 πτηνὸν
442 3286 493 3352 καὶ
511 3287 688 3380 ἀεροπόρον,
706 3286 795 3381 τρίτη
811 3277 846 3353 δὲ
862 3279 985 3379 ἔνυδρον
1003 3278 1096 3371 εἶδος,
1112 3279 1201 3364 πεζὸν
1218 3277 1254 3353 δὲ
1273 3287 1325 3353 καὶ

165 3417 306 3501 χερσαῖον
322 3412 486 3502 τέταρτον.
506 3416 570 3478 Τοῦ
592 3413 644 3504 μὲν
661 3408 712 3478 οὖν
730 3411 809 3479 θείου
830 3416 886 3488 τήν
904 3411 1050 3485 πλείστην
1075 3402 1158 3477 ἰδέαν
1172 3413 1207 3477 ἐκ
1226 3415 1324 3499 πυρὸς

167 3526 337 3626 άπήρξατο,
357 3537 439 3614 ὁπως
460 3537 508 3603 ὁτι
526 3537 748 3630 λαμπρότατον
775 3530 850 3605 ἰδεῖν
872 3563 905 3604 τε
925 3537 1090 3604 καλλιστον
1122 3533 1187 3610 είη·
1214 3544 1259 3623 τῷ
1286 3527 1322 3604 δὲ

167 3657 261 3725 παντὶ
277 3653 480 3754 προσεικάζειν
503 3664 646 3729 εύκυκλον
663 3662 768 3748 ἐποίει,
784 3661 883 3737 τίθησί
898 3688 930 3730 τε
948 3662 989 3742 εἰς
1006 3660 1062 3736 τήν
1082 3671 1136 3728 τοῦ
1152 3661 1321 3755 κρατίστου

167 3782 309 3874 φρόνησιν
330 3784 431 3871 ἐκείνῳ
451 3779 661 3878 ξυνεπόμενυν,
677 3785 779 3879 νείμας
795 3788 863 3880 περὶ
881 3788 987 3855 πάντα
1000 3787 1102 3873 κύκλῳ
1117 3786 1170 3852 τὸν
1183 3787 1323 3879 οὐρανὸν,

166 3907 280 3999 κόσμον
301 3909 439 3983 ἀληθινὸν
460 3914 544 4001 αὐτῷ
569 3914 800 4004 πεποικιλμένον
828 3908 901 3979 εἶναι
922 3911 990 3978 καθ’
1009 3913 1093 3979 ὁλον.
1126 3912 1267 3990 Κινήσεις
1286 3901 1323 3977 δὲ

167 4024 222 4100 δύο
243 4033 399 4126 προσῆψεν
424 4038 556 4126 ἑκάστῳ,
578 4038 631 4111 τήν
657 4037 710 4127 μὲν
738 4039 768 4104 ἐν
791 4042 896 4125 ταύτῷ
917 4033 1001 4104 κατά
1025 4033 1139 4121 ταῦτὰ,
1163 4036 1233 4129 περὶ
1259 4046 1319 4103 τῶν

166 4162 265 4226 αὐτῶν
286 4160 333 4228 ἀεὶ
347 4155 389 4231 τά
407 4159 487 4228 αὐτὰ
505 4166 605 4249 ἑαυτῷ
626 4154 844 4257 διανοουμένῳ,
860 4166 915 4239 την
943 4154 980 4229 δὲ
994 4160 1034 4242 εἰς
1049 4163 1085 4229 τὸ
1106 4160 1249 4257 πρόσθεν,
1263 4162 1322 4228 ὑπὸ

164 4295 219 4365 τῖς
236 4288 355 4353 ταύτοῦ
368 4287 419 4355 καὶ
434 4286 539 4381 ὁμοίου
552 4293 717 4382 ’περιφορᾶς
732 4290 952 4382 κρατουμένῳ·
967 4285 1021 4367 τάς
1036 4279 1071 4354 δὲ
1085 4290 1174 4356 πέντε
1188 4290 1321 4365 κινήσεις

165 4410 308 4486 ἀκίνητον
333 4413 385 4480 καὶ
412 4414 511 4499 ἑστὸς,
544 4414 582 4482 ἵν’
612 4416 660 4482 ὁτι
692 4414 830 4507 μάλιστα
859 4419 958 4484 αὐτῶν
982 4417 1108 4483 ἕκαστον
1135 4417 1257 4507 γένοιτο
1280 4418 1320 4489 ὡς
