2790 4770
600 359 780 421 ..22-

110 500 277 574 voluerint,
297 499 558 579 fragmentisque,
577 515 648 578 quae
663 503 849 578 supersunt,
867 499 908 560 ob
926 497 1169 576 corruptionem
1185 516 1266 578 saepe

109 608 189 670 adeo
205 607 359 681 obscuris,
377 611 411 667 ut
423 606 489 666 lere
501 604 589 667 nulla
602 605 843 685 investigatione
855 605 1018 685 explanari
1034 609 1163 684 queant.
1188 605 1268 669 Satis

110 711 207 793 igitur
220 711 298 772 mibi
313 711 416 772 visum
440 717 488 772 est
504 711 598 773 verba
616 711 680 788 illa,
705 730 843 791 quorum
869 712 958 792 origo
975 715 1084 776 Graeca
1097 731 1163 776 non
1179 715 1267 789 latet,

112 818 287 899 exquirere.
315 819 415 880 Multa
442 836 460 879 a
485 818 635 881 Cicerone
664 825 791 899 sumpta
815 820 880 899 jam
907 819 1033 896 notavi,
1056 821 1271 900 inprimisque

111 928 240 989 nomina
260 927 390 988 omnino
409 927 528 1000 Graeca,
558 931 595 988 ut
619 927 849 1006 «philosophia
864 949 877 986 n
899 925 1074 1009 (φιλοσοφία),
1100 948 1116 985 u
1133 928 1267 1006 poesis»

111 1034 239 1116 (ποιήσις)
260 1051 297 1096 ao
314 1038 439 1096 oaetera.
457 1034 515 1096 Hie
530 1033 670 1113 denique
684 1036 775 1113 plura
800 1052 838 1096 ex
853 1034 912 1109 his,
936 1052 1007 1113 quae
1022 1051 1118 1112 supra
1140 1050 1273 1096 enume-

113 1143 188 1216 ravi,
213 1141 376 1204 vocabulis
394 1158 503 1200 rursus
526 1145 599 1201 ante
615 1141 725 1203 oculos
745 1158 866 1220 ponere
887 1139 966 1201 mihi
980 1139 1086 1215 libeat,
1105 1158 1143 1201 eo
1165 1146 1275 1202 tamen

87 1323 89 1327 ¹
113 1249 226 1311 ordine
241 1256 276 1312 ut
291 1249 397 1311 statim
413 1248 550 1310 disoerni
564 1250 747 1329 possitquae
762 1251 878 1328 saepius
894 1251 926 1310 in
941 1268 1000 1310 usu
1013 1249 1076 1311 sint
1084 1251 1172 1327 apud
1186 1248 1275 1313 Cice·

115 1375 237 1434 ronem,
255 1375 326 1437 quae
344 1374 417 1418 vero
434 1355 600 1437 (utGraeoe
621 1359 745 1439 loquar)
762 1356 832 1427 ἅπαξ
853 1357 980 1439 εἰρημένα
995 1357 1065 1437 jure
1079 1356 1273 1420 habeantur.

349 1565 498 1628 Venabula
512 1571 622 1647 saeptus
635 1568 668 1630 iu
681 1587 739 1630 usu
755 1569 840 1648 apud
857 1569 1041 1631 Ciceronem.

312 1793 314 1797 ν
356 1757 493 1841 AEdifieo.
774 1757 1014 1840 Moquifieeutiu

354 1865 533 1948 AEqutpuro.
774 1855 941 1946 Mutefirus.

358 1974 529 2052 Amplifieo.
782 1973 929 2051 Mortifer.
965 2022 967 2026 »

356 2083 506 2162 Betttqer.
776 2081 959 2161 Multtpttm.

359 2188 531 2270 Beuesorr'o.
778 2191 993 2269 Naufragium.

361 2277 597 2376 circumspicio.
779 2298 932 2376 opitulor.

364 2403 618 2484 musuupuimus.
779 2403 934 2480 Sacrifico.

360 2511 486 2592 Impius.
779 2510 925 2592 Siquer.

358 2618 499 2695 Latr‘ptm.
921 2621 924 2626 ’

571 2848 661 2940 Ᾰπαξ
678 2864 828 2955 εἰρημένα.

363 3074 528 3136 altisonus.
782 3076 984 3157 Fudtsrupus.

361 3184 546 3246 Arcitenens.
782 3187 963 3266 Luetsupus.

360 3289 507 3367 Armiger.
784 3281 981 3354 Multimodis.

361 3393 553 3474 Emporium.
780 3396 975 3479 Omninoque.

162 3607 283 3671 Tullius
304 3613 336 3669 et
356 3607 442 3686 ipse,
469 3609 610 3687 quamvis
637 3628 674 3671 ea
695 3616 787 3673 aetate
807 3611 935 3688 viveret,
952 3632 1015 3693 qua
1035 3615 1135 3676 multo
1160 3615 1292 3678 minore

123 3706 228 3769 studio
242 3705 338 3767 verba
361 3712 393 3767 et
413 3722 520 3766 sensus
543 3724 561 3767 a
583 3705 699 3769 Graecis
714 3709 880 3770 mutuandi
900 3710 1076 3772 imitatores
1099 3712 1261 3775 ardebant
1282 3761 1291 3789 ‚

122 3817 231 3890 poetas
247 3815 353 3871 tamen
375 3809 571 3889 antiquiores
587 3812 680 3874 facile
701 3818 828 3875 secutus
852 3819 908 3875 est.
927 3815 1010 3886 Quos
1033 3832 1134 3894 quum
1150 3814 1292 3881 mirifice

121 3921 241 3981 coleret
257 3916 466 3998 diligeretque
482 3935 520 3981 ae
532 3936 668 3999 semper,
684 3929 719 3984 ut
731 3923 776 3985 ita
791 3922 907 4000 dicam,
924 3923 1056 3986 haberet
1069 3922 1101 3982 in
1116 3931 1288 4002 promptu,

122 4027 299 4090 necessaria
325 4028 463 4107 quadarn
485 4027 695 4092 inclinatione
709 4049 747 4093 eo
765 4033 924 4096 adductus
940 4039 997 4109 est,
1017 4040 1050 4096 ut
1067 4050 1180 4095 eorum
1206 4037 1291 4098 sori-

122 4135 218 4199 bendi
233 4152 333 4216 genus
355 4141 388 4196 et
404 4135 506 4214 ipsam
525 4135 559 4196 in
581 4137 714 4199 vocibus
729 4141 959 4219 componendis
981 4141 1162 4201 serendisve
1186 4143 1292 4204 auda·

122 4244 205 4310 eiam
219 4245 435 4307 aemularetur.
456 4245 605 4307 Ceterum
620 4244 685 4320 ille,
710 4247 735 4307 si
758 4248 829 4326 quis
851 4249 942 4324 alius,
964 4248 1080 4310 Graeois
1103 4246 1290 4310 familiaris-

120 4353 198 4415 sime
213 4369 301 4425 usus,
318 4351 343 4412 si
360 4351 489 4429 parcius
500 4351 606 4415 Naevio
622 4353 821 4434 Pacuvioque
832 4354 1056 4417 transmarinas
1072 4371 1150 4433 opes
1165 4353 1198 4413 in
1212 4372 1285 4416 rem
