2790 4770
593 181 827 280 ·'⁵²-.

112 340 163 406 καὶ
184 340 253 429 έχον
274 333 306 404 εὑ
324 337 404 404 λύειν
420 337 529 405 ε’θελειν
550 346 658 406 κακοὺ.
679 332 760 406 Ac&
781 337 834 404 καὶ
854 337 974 430 ἐπείπερ
994 339 1171 432 γεγένησθε,
1198 337 1276 406 ἀθά-

62 449 64 453 ·
112 491 197 549 νατοι
217 463 271 556 μὲν
288 465 344 544 οὑκ
359 463 430 530 ε’στὲ
445 453 511 530 οὐδ’
529 459 640 530 ἀλυτοι
657 463 693 530 τὸ
712 463 856 556 πάμπαν,
876 465 912 532 ού
930 489 962 531 τι
981 464 1035 556 μὲν
1055 455 1096 540 δὴ
1109 463 1277 540 λυθύσεσθέ

113 617 147 683 γε
162 580 235 657 οὐδὲ
248 581 388 667 τεύξεσθε
408 575 542 656 θανάτου
566 587 686 682 μοίρας,
704 598 760 668 τῆς
775 593 848 682 ἐμῆς
874 591 1046 674 βουλεύσεως
1066 584 1203 683 μείζονος
1228 591 1275 658 ἔτι

111 706 225 808 δεσμοῦ
240 713 292 781 καὶ
306 716 485 808 κυριωτέρου
499 716 652 809 λαχόντες
666 713 797 802 ἐκείνων,
814 711 858 794 οἷς
869 717 914 782 ἔτ’
924 713 1075 809 ε’γίγνεσθε
1090 707 1272 809 ξυνεδεῒσθε.

111 842 176 908 Νῦν
193 834 242 907 οὑν
263 835 372 933 ὑλέγω
398 839 471 931 πρὸς
487 842 565 931 ὑμάς
588 829 827 932 ἐνδεικνύμενος,
848 839 974 932 μάθετε.
998 837 1110 914 Θνητά
1131 842 1177 908 ἔτι
1202 842 1272 936 γένη

109 963 205 1034 λοιπά
228 963 300 1057 τρία
325 964 488 1060 ἀγέννητα.
516 966 644 1033 Τούτων
671 956 706 1032 δὲ
731 970 774 1056 μή
802 968 972 1059 γενομένων
1002 965 1130 1062 οὑρανὺς
1161 966 1273 1046 ἀτελὴς

111 1093 219 1161 ἔσται·
239 1090 281 1158 τὰ
298 1089 356 1184 γὰρ
377 1091 493 1158 ἅπαντ’
506 1096 534 1159 ἐν
555 1096 640 1177 αὑτῷ
655 1095 725 1185 γένη
743 1076 830 1178 ζῴων
846 1094 903 1183 οὑχ
919 1085 991 1180 ἔξει,
1004 1083 1053 1160 δεῖ
1068 1083 1114 1178 δὲ,
1130 1091 1157 1159 εἰ
1168 1098 1279 1185 μέλλει(

112 1219 215 1296 τέλεος
238 1217 346 1295 ἱκανῶς
366 1210 455 1282 εἶναι.
487 1221 531 1284 Δι’
550 1221 623 1309 ἐμοῦ
654 1211 688 1283 δὲ
715 1226 817 1284 ταῦτα
833 1217 980 1311 γενόμενα
1006 1216 1059 1285 καὶ
1084 1217 1151 1304 βίου
1175 1243 1273 1310 μετα·

111 1343 229 1436 σχόντα
250 1343 328 1419 θεοῖς
344 1332 471 1420 ίσάζοιτ’
485 1337 533 1409 ἀν.
550 1324 604 1408 θνα
623 1337 673 1410 οὖν
690 1341 787 1416 θνητά
808 1368 842 1409 τε
861 1341 879 1437 ᾖ
900 1343 982 1411 τότε
1004 1347 1064 1411 πάν
1081 1322 1156 1411 τόδε
1176 1344 1275 1423 ὅντως

112 1466 194 1536 ἀπαν
210 1495 242 1562 ρ,
263 1467 408 1560 τρέπεσθε
420 1463 503 1534 κατὰ
518 1470 606 1560 φύσιν
626 1472 710 1559 ὑμεῖς
731 1466 781 1536 έπὶ
801 1471 932 1544 τὴντῶν
948 1459 1031 1555 ζῴων
1057 1459 1273 1563 δημιουργίαν,

112 1596 293 1688 μιμούμενοι
307 1596 361 1668 τλν
384 1595 459 1684 ἐμὴν
480 1584 609 1687 δύναμιν
630 1595 699 1687 περὶ
727 1595 784 1668 τὺν
803 1597 951 1687 ὑμετέραν
972 1593 1183 1688 γένεσιν.Καὶ
1204 1594 1273 1662 καθ’

112 1722 184 1788 ὅσον
200 1718 254 1810 μὲν
270 1721 370 1785 αὑτῶν
387 1717 551 1798 ἀθανάτοις
561 1703 732 1811 Ιὁμώνυμον
753 1713 828 1786 εἶναι
843 1721 1002 1812 προσύκει,
1017 1720 1093 1787 θεῖον
1107 1720 1274 1815 λεγόμενον

112 1849 277 1939 ἡγεμονοῦν
305 1849 335 1910 τ’
355 1849 384 1912 ἐν
405 1847 506 1923 αὐτοῖς
536 1854 597 1910 τῶν
617 1843 664 1910 ἀεὶ
685 1836 756 1940 δίκη
777 1844 828 1912 καὶ
848 1850 916 1937 ὑμῖν
945 1844 1107 1914 ἐθελόντων
1127 1846 1275 1934 ἔπεσθαι,

115 1968 241 2065 σπείρας
261 1968 313 2039 καὶ
334 1962 545 2062 ὑπαρξάμενος
564 1971 623 2064 ἐγὼ
641 1961 839 2063 παραδώσω·
859 1970 895 2038 τὺ
916 1962 950 2036 δὲ
967 1972 1077 2037 λοιπὸν
1090 1975 1175 2063 ὑμεῖς
1194 1970 1275 2037 ἀθα-

24 2175 27 2179 .
112 2095 197 2183 νάτῳ
211 2072 321 2168 θνητὸν
338 2093 595 2187 προσυραίνοντες
615 2088 820 2188 ἀπεργάζεσθε
849 2088 913 2182 ζῴα
929 2092 985 2162 καὶ
1003 2099 1129 2189 γεννάτε
1154 2102 1273 2190 τρορην

114 2247 146 2290 τε
160 2209 302 2298 διδόντες
320 2212 467 2298 αὑξάνετε
487 2220 539 2288 καὶ
557 2217 700 2310 ρθίνοντα
715 2220 808 2287 πάλιν
826 2211 963 2314 δέχεσθε.
981 2246 994 2274 ν

168 2333 255 2411 ΧΠ.
273 2349 374 2413 Ταῦτ’
387 2342 463 2432 εἷπε,
482 2347 533 2414 καὶ
549 2346 642 2428 παλιν
655 2346 705 2413 ἐπὶ
721 2347 773 2414 τὸν
787 2347 936 2440 πρότερον
957 2357 1110 2441 κρατῆρα,
1126 2350 1157 2416 ἐν
1177 2345 1201 2437 ᾧ
1216 2352 1274 2425 τὴν

115 2481 171 2541 τοῦ
188 2472 304 2550 παντὸς
325 2470 422 2565 ψυχὴν
439 2472 579 2564 κεραννὺς
595 2473 712 2566 ἔμισγε,
728 2468 770 2538 τὰ
786 2483 847 2540 τῶν
864 2471 993 2569 πρόσθεν
1008 2471 1165 2540 ὑπόλοιπα
1180 2499 1274 2541 κατε·

114 2607 201 2692 χεῖτο
218 2596 332 2691 μίσγειν
350 2598 473 2691 τρόπων
494 2600 547 2689 μέν
567 2623 638 2663 τινα
655 2599 708 2663 τὸν
732 2598 836 2684 αὑτὸν,
857 2597 1002 2691 ἀκάματα
1020 2588 1050 2663 δ’
1069 2600 1171 2665 οὐκέτι
1190 2595 1275 2666 κατά

114 2719 217 2792 ταὺτά
235 2724 394 2812 ὡσαύτως,
423 2721 504 2790 ἀλλά
531 2715 659 2815 δεύτερα
683 2721 737 2789 καὶ
755 2720 858 2812 τρίτα.
889 2723 1054 2801 Ξυστύσας
1080 2714 1116 2788 δὲ
1145 2723 1184 2790 τὸ
1213 2727 1296 2811 ττοῖνΙ

117 2839 213 2917 διεῖλε
232 2845 332 2941 ψυχὰς
348 2847 522 2942 ἰσαρίθμους
534 2855 597 2925 τοῖς
610 2842 731 2939 άστροις
752 2847 849 2938 ἔνειμέ
864 2845 891 2913 θ’
905 2845 1039 2920 ἑκάστην
1056 2846 1129 2937 πρὸς
1142 2849 1274 2915 ἕκαστον

115 2975 167 3041 καὶ
187 2969 358 3066 ἐμύιύάσας
382 2980 421 3052 ὡς
446 2972 486 3052 εἰς
506 2973 612 3064 όχημα
634 2974 689 3047 τὴν
714 2981 767 3039 τοῦ
787 2973 903 3051 παντὸς
935 2972 1021 3065 φύσιν
1049 2963 1145 3050 ἔδειξε
1163 2972 1276 3066 νόμους

116 3127 150 3168 τε
170 3103 241 3177 τοὺς
271 3100 467 3192 εἱμαρμένους
492 3094 574 3167 εἶπεν
594 3102 713 3182 αὑταῖς,
740 3100 790 3164 ὅτι
816 3102 932 3191 γένεσις
953 3100 1060 3191 πρώτη
1092 3097 1146 3189 μὲν
1172 3099 1275 3165 ἔσοιτο

116 3226 286 3319 τεταγμένη
319 3222 376 3315 μία
405 3227 512 3306 πᾶσιν,
538 3224 588 3288 ἵνα
609 3227 652 3314 μή
681 3249 729 3302 τις
752 3226 918 3292 ελαττοῒτο
939 3223 990 3290 ὑπ’
1017 3225 1122 3312 αὑτοῦ,
1149 3214 1214 3290 δέοι
1240 3213 1275 3291 δὲ

117 3351 281 3442 σπαρείσας
301 3347 396 3428 αὑτὰς
412 3348 452 3426 εἰς
468 3346 509 3415 τὰ
525 3351 722 3441 προσήκοντα
737 3348 878 3427 ἑκάστοις
894 3352 1010 3414 ἔκαστοι
1025 3348 1142 3441 ύργανα
1156 3347 1275 3442 χρόνων

117 3485 206 3568 ρὺναι
231 3468 314 3562 ζῴων
346 3477 383 3541 τὸ
403 3467 655 3560 θεοσεύέστατον,
679 3463 792 3552 διπλῆς
822 3464 857 3542 δὲ
883 3475 974 3552 οὑσης
1004 3482 1060 3552 τῆς
1084 3472 1275 3568 ἀνθρωπίνης

115 3603 232 3692 φύσεως
255 3601 291 3666 τὸ
318 3605 455 3693 κρεῖττον
481 3609 622 3667 τοιοῦτον
642 3595 684 3672 εἴη
705 3586 804 3691 γένος,
833 3597 848 3665 ὑ
874 3598 926 3664 καὶ
954 3600 1064 3665 ἔπειτα
1094 3600 1275 3673 κεκλύσοιτο

116 3726 203 3818 ἀνάρ.
226 3709 333 3791 (δπότε
356 3716 395 3796 δη
430 3726 569 3811 σώμασιν
596 3723 805 3815 έμρυτευθεῒεν
832 3715 864 3799 ἐξ
895 3722 1042 3816 ἀνάγκης,
1070 3722 1123 3788 καὶ
1152 3724 1188 3790 τὸ
1219 3724 1275 3814 μὲν

114 3850 247 3946 προσίοι,
269 3849 306 3915 τὸ
340 3839 367 3914 δ’
395 3848 481 3915 ἀπίοι
506 3858 562 3914 τοὺ
583 3849 727 3939 σώματος
753 3851 868 3933 αὑτῶν,
895 3857 1019 3939 πρῶτον
1052 3847 1105 3936 μὲν
1138 3846 1274 3921 αἴσθησιν

115 3981 278 4072 ἀναγκαῖον
296 3972 338 4048 εἴη
355 3974 426 4067 μίαν
442 3977 534 4040 πᾶσιν
549 3975 582 4040 ἐκ
603 3972 709 4058 βιαίων
720 3951 918 4061 ’παθημάτων
936 3965 1088 4066 ξύμρυτον
1103 3972 1274 4068 γίγνεσθαι,

114 4096 254 4195 δεύτερον
276 4091 311 4167 δὲ
334 4091 431 4192 η’δσνῇ
457 4096 508 4164 καὶ
531 4099 614 4191 λύπη
639 4100 823 4191 μεμιγμένον
850 4099 959 4190 ἔρωτα,
981 4098 1057 4191 πρὸς
1084 4088 1118 4165 δὲ
1149 4100 1275 4177 τούτοις

119 4224 213 4321 ρύόον
230 4227 283 4296 καὶ
299 4226 393 4320 θυμὸν
410 4226 469 4292 ὅσα
487 4249 522 4293 τε
541 4224 675 4317 ἑπόμενα
691 4228 792 4302 αὐτοῖς
809 4223 861 4290 καὶ
877 4221 979 4292 ὁπόσα
997 4225 1140 4300 ἐναντίως
1155 4223 1274 4317 πέρυκε
