2790 4770
571 315 745 376 ..13-

77 455 165 515 tione
188 461 285 517 ortus.
310 456 454 532 Namque
469 451 656 532 septenarios
680 455 806 514 tantum
827 450 861 510 in
886 447 1081 528 Thucydidis
1104 447 1236 509 historia

77 561 210 640 legitur;
228 567 259 623 et
277 577 460 640 quanquam
475 559 560 621 haud
583 557 731 620 dissimili
749 557 874 619 ratione
891 555 1062 634 conjuncta
1082 552 1146 616 sint
1167 554 1236 615 lraec

76 668 232 730 vocabula
246 666 480 744 σπονδοπονὲομαι,
500 665 684 748 σπονδοφόρος,
699 663 872 746 οπόνδαρχος,
896 661 974 724 illud
992 661 1236 723 desiderandum

77 793 207 838 censeo
227 775 446 855 «Foedilragus
457 797 470 834 ν
491 775 532 856 (l)
548 774 691 837 Ciceroni
703 773 833 853 placuit,
847 773 984 852 ideoque
992 771 1166 853 dignusqui
1175 790 1238 835 me·

76 885 212 946 lioribus
225 885 298 946 fatis
312 889 466 946 uteretur.

117 993 289 1072 Frondifer‚
307 996 348 1057 cl.
366 992 537 1076 φυλλοφόρος.
556 994 712 1055 Frondem
738 999 770 1055 et
785 993 946 1070 frondosus
961 991 1047 1069 apud
1072 991 1234 1053 Maronem

76 1099 149 1179 plus
161 1101 298 1162 valuere.
313 1100 354 1163 At
366 1101 517 1178 frondife'r
531 1100 565 1160 in
577 1098 727 1163 Lucretio
743 1099 785 1181 (i)
795 1100 918 1180 justum
931 1099 1050 1162 meruit
1066 1098 1174 1160 decus.

119 1207 351 1285 Multiprcmos.
367 1209 436 1268 Non
458 1226 580 1288 graecus
599 1208 673 1285 iste;
691 1227 818 1289 promus
841 1208 928 1270 enim
949 1207 1033 1270 inter
1051 1206 1148 1270 verba
1165 1223 1235 1285 qnae

76 1316 232 1374 nostratia
247 1312 325 1375 dicit
338 1313 457 1375 Tullius
472 1315 633 1376 numerari
649 1316 756 1378 dehet.
780 1316 869 1376 Idem
884 1315 947 1376 vim
960 1314 1057 1375 habet
1074 1329 1146 1391 quae
1162 1311 1236 1373 dua·

78 1419 139 1480 bus
153 1419 203 1480 his
219 1419 361 1499 subjecta
375 1426 422 1482 est
438 1421 587 1497 vocibus,
618 1421 727 1504 χόνδρος
743 1439 860 1501 nempe
883 1426 914 1482 et
938 1420 1081 1500 γεώλοφον.
1102 1418 1133 1478 Si
1158 1435 1232 1480 vero

77 1543 144 1587 non
159 1544 281 1606 graecus
297 1532 344 1590 est
359 1528 596 1607 multigrumus‚
617 1534 650 1589 at
665 1529 778 1590 saltem
804 1546 842 1590 ex
869 1527 939 1607 lege
952 1523 1179 1606 grammatica,
1201 1529 1236 1585 ut

79 1634 283 1695 multiformis
299 1634 498 1716 (πολοοχήμων)
516 1638 607 1698 fictus
621 1640 763 1715 apparet.

122 1741 289 1802 Noctieolor
303 1743 356 1821 (3),
378 1744 419 1804 cf.
434 1742 596 1818 νυκτοειδής,
620 1742 658 1804 de
678 1744 846 1806 Memnone
868 1741 994 1802 dicitur.
1020 1740 1079 1802 Hic
1105 1759 1234 1821 quoque

81 1847 199 1908 deiecit
212 1851 248 1908 ut
262 1848 359 1928 longo
373 1855 446 1927 post
461 1855 605 1928 ternpore
620 1868 637 1912 e
662 1850 800 1911 tenebris
813 1849 847 1908 in
866 1850 971 1909 lucem
987 1853 1165 1927 emergeret
1180 1848 1190 1928 (
1211 1848 1233 1928 ).

81 1955 148 2032 Ego
166 1953 266 2013 miror
279 1953 364 2032 quod
386 1955 600 2016 obsoleverit:
618 1956 735 2035 quippe
758 1956 843 2016 haud
859 1973 951 2033 asper
973 1956 1011 2015 ed
1032 1973 1122 2016 aures
1138 1956 1239 2017 venie-

80 2060 148 2135 bat,
165 2077 224 2122 neo
244 2061 345 2140 magis
360 2062 515 2142 exquisita
537 2062 575 2123 ad
598 2080 711 2124 sonum
733 2062 887 2141 adjectiva
914 2063 1109 2137 «noctiluca,
1136 2063 1238 2123 nocti-

80 2185 190 2246 vagus,
203 2189 217 2226 ν
240 2169 386 2246 probavit
405 2187 499 2230 aurea
520 2171 699 2231 carminum
721 2175 808 2232 aetas.
835 2171 968 2233 Veiente
995 2189 1063 2245 usu,
1091 2171 1236 2231 eamdem

79 2278 241 2339 fortunam
250 2296 344 2356 quarn
359 2300 374 2337 <r
383 2278 584 2358 noctivigilus
605 2285 637 2341 et
659 2281 841 2341 «noctifer»
863 2280 1169 2343 Noctieolorhabuit
1182 2280 1233 2360 (5).

80 2382 116 2441 ln
134 2379 195 2441 hoc
214 2381 358 2460 prolecto
374 2381 477 2444 Latini
501 2400 566 2443 non
580 2383 765 2444 Graecorum
787 2383 931 2461 exempla
953 2383 1054 2445 secuti
1077 2389 1160 2456 sunt,
1182 2384 1236 2461 qui

80 2493 131 2549 tot
145 2487 286 2550 dulciae
312 2490 441 2551 nomine
475 2488 520 2560 νύξ
542 2491 637 2552 verba
662 2509 809 2570 posuere,
845 2492 929 2554 inter
951 2510 1022 2572 quae
1046 2492 1235 2567 νυκτιπλάνης,
1328 2491 1339 2515 “

80 2598 296 2677 νυκτίπλαγκτος,
309 2600 495 2680 νυκτικρυρής,
514 2599 666 2678 νυκτίνομος
683 2599 834 2662 eminent.

120 2705 321 2767 Podortcolor
344 2705 493 2788 (aurora),
511 2726 570 2769 vox
584 2726 664 2770 nova
688 2726 785 2787 quarn
802 2708 900 2771 Naevii
920 2728 984 2771 non
999 2707 1239 2771 commendavit

79 2815 268 2891 auctoritas;
286 2834 360 2877 nam
377 2818 483 2879 statim
498 2818 537 2878 ab
555 2823 625 2879 ortu
650 2818 756 2896 periit,
787 2822 899 2896 utpote
926 2836 996 2898 quae
1018 2819 1124 2879 forsan
1145 2817 1238 2878 nimis

78 2921 207 2983 anxiam
219 2930 366 3002 argueret
378 2925 577 3004 elegantiam.
595 2925 708 2988 Melius
723 2923 838 3004 egisset
853 2932 958 3005 poeta,
976 2926 1013 3000 si,
1030 2927 1238 3005 quemadmo-

79 3028 160 3090 dum
176 3026 208 3088 in
219 3029 287 3090 aliis
299 3028 470 3106 vocabulis,
484 3029 526 3092 ito
541 3029 573 3090 in
585 3030 647 3092 hoc
656 3031 829 3091 Homerum
843 3031 932 3112 sequi
945 3049 1010 3093 non
1022 3030 1238 3094 dubitavisset.

80 3134 146 3198 Olli
161 3152 199 3197 ex
213 3137 320 3199 multis
334 3155 434 3200 unum
447 3139 532 3199 haud
546 3137 712 3215 illepidum
733 3138 773 3218 (6)
790 3137 905 3217 eligere
921 3138 965 3199 las
982 3142 1059 3200 erat.

77 3488 131 3522 non
139 3469 220 3520 Naevio
228 3471 314 3529 solum,
328 3472 400 3521 sedet
408 3471 484 3520 Novio
496 3469 636 3520 adscribunt
646 3468 811 3522 Grammatici.
820 3471 960 3522 Suntetiam
970 3472 1013 3538 qui
1022 3472 1130 3521 Naevium
1138 3488 1183 3538 pro
1193 3470 1244 3520 Lae·

76 3557 120 3608 rio
144 3563 241 3605 vocant.
256 3553 317 3605 Rem
328 3555 486 3621 injudicatam
499 3555 627 3620 relinqu03
643 3555 680 3605 illi
691 3572 778 3622 nempe
792 3557 920 3622 scriptores
934 3566 990 3606 ante
998 3556 1140 3606 Ciceronem
1148 3554 1241 3605 virere.

112 3642 154 3707 (l)
171 3638 223 3690 Cic.
239 3637 270 3687 de
285 3637 392 3707 Officiis,
405 3641 422 3697 l.
438 3643 477 3690 12.
493 3641 562 3690 Poeni
577 3640 702 3706 foedifragi.

111 3726 155 3792 (2)
176 3723 378 3790 Frondiferasque
392 3726 475 3775 domos
490 3726 603 3776 avium...
619 3725 726 3791 (Lueret.
737 3724 758 3785 1,
779 3727 828 3792 18.)

111 3813 153 3878 (3)
170 3811 331 3877 Νυντὸχροος
349 3809 431 3860 deficit
442 3829 447 3860 :
460 3811 551 3878 quippe
564 3811 628 3878 χρόα
642 3826 698 3861 cum
714 3810 840 3875 adjectivis
853 3820 948 3861 tantum
965 3810 1104 3862 societatem
1119 3807 1242 3860 instituit:

73 3897 229 3964 μονόχροος,
243 3895 390 3962 πολύχροος,
405 3906 452 3947 etc.

114 3981 155 4046 (l)
173 3979 314 4029 Noctieolor
326 3980 386 4048 Styx
400 3980 523 4047 (auson).

109 4067 152 4132 (5)
172 4087 184 4110 ι
193 4064 319 4115 Noctieola
330 4086 342 4111 ν
362 4075 386 4116 el
402 4088 414 4112 α
425 4067 563 4117 noetividus
574 4087 586 4110 ν
599 4066 707 4131 linguam
719 4066 770 4131 jam
788 4066 930 4131 degenerem
942 4075 967 4116 et
981 4065 1050 4132 quasi
1064 4066 1095 4116 ad
1109 4080 1192 4115 omnes
1210 4064 1245 4114 ir·

71 4153 209 4221 ruptiones
221 4161 329 4217 apertam
338 4152 453 4202 invasere.

108 4241 152 4305 (6)
163 4236 290 4303 Praecipua
302 4237 456 4288 celebrantur
464 4224 587 4303 idipsum,
601 4237 736 4302 ἠριγένεια,
747 4237 926 4303 κροκόπεπλος,
937 4237 1126 4304 ῥοδοδάκτυλος,
1141 4235 1244 4300 φαεσίμ-

73 4328 185 4393 dputes,
199 4322 374 4388 χρυσόθρονος.
428 4320 432 4328 “
1045 4317 1048 4322 ’
1144 4316 1146 4320 ’
