2806 4764
548 439 748 500 -129-

10 620 12 634 .
62 574 156 648 verti,
172 573 286 652 inquit,
302 579 336 633 ut
351 578 513 653 interpres,
532 577 586 637 scd
601 583 633 638 ut
645 584 758 656 orator,
772 576 1060 640 sententiisiisdem
1072 583 1103 638 et
1118 593 1227 638 earum

64 680 191 758 formis,
204 686 356 759 tanquam
369 678 488 758 figuris
506 682 609 744 verbis
626 685 665 745 ad
681 691 824 747 nostram
837 684 1101 747 consuetudinem
1118 683 1199 761 aptis
1215 701 1222 743 :

64 793 102 852 in
129 788 245 868 quibus
275 773 339 848 non
365 786 495 849 verbum
522 808 581 867 pro
605 791 701 853 verbo
725 809 854 854 necesse
880 790 976 853 habui
1006 791 1152 866 reddere,
1169 790 1223 851 sed

66 912 167 975 genus
180 893 325 957 omniurn
344 894 514 957 verborum
530 896 655 976 vimque
682 897 813 961 servavi.
833 901 899 960 Non
915 898 1002 960 enim
1017 915 1053 959 ea
1068 915 1119 959 me
1134 916 1232 958 annu-

68 1018 194 1064 merare
206 1001 318 1062 lectori
338 1001 446 1081 putavi
467 1010 626 1082 oportere,
643 1007 698 1068 sed
711 1011 863 1086 tanquam
877 1009 1056 1086 appendere
1073 1006 1160 1088 (1).»
1181 1007 1234 1068 Li-

67 1115 138 1187 ber,
149 1112 261 1185 fateor,
277 1110 330 1189 qui
343 1110 572 1174 OEconomicus
586 1114 780 1190 inscribitur,
798 1119 899 1179 multo
911 1118 1056 1179 antehoc
1069 1122 1196 1196 tempus
1213 1135 1230 1176 e

70 1221 184 1280 Graeco
210 1233 380 1279 conversus
405 1222 468 1292 est;
495 1219 549 1279 sed
575 1238 659 1299 saepe
674 1222 722 1283 vel
746 1223 778 1282 in
799 1223 919 1284 Timeo
939 1242 1005 1285 nou
1026 1223 1087 1284 alia
1112 1222 1233 1284 ratione

70 1321 196 1385 utitur:
226 1324 315 1399 solet,
339 1345 354 1382 c
381 1324 465 1402 quod
492 1327 679 1402 un0Graeci,
698 1329 724 1390 si
743 1329 835 1391 aliter
863 1348 926 1392 non
942 1335 1059 1410 potest,
1088 1329 1233 1409 pluribus

71 1434 181 1497 verbis
207 1452 365 1514 exponere
391 1435 444 1518 (Ξ).
468 1456 484 1493 n
502 1471 541 1484 -
563 1441 645 1501 Raro
668 1441 753 1502 enim
767 1442 971 1521 splendorem
991 1437 1243 1520 et'magnilicen-⁴

71 1545 153 1608 tiam
171 1544 323 1606 orationis
348 1563 413 1606 suae
438 1545 589 1625 relinquit
610 1549 769 1628 interpres
782 1571 790 1625 ;
805 1555 900 1630 atquc
922 1548 1087 1611 manifeste
1106 1553 1237 1628 apparet

73 1656 234 1714 oratorem
248 1650 351 1726 illurn,
366 1651 455 1730 cujus
469 1651 502 1712 in
517 1659 690 1732 conspectu
707 1672 763 1734 per
777 1659 879 1717 totam
891 1653 987 1716 vitam
1001 1654 1088 1714 suere
1105 1657 1232 1714 senatus

72 1759 276 1841 populusque
305 1761 478 1835 Romanus,
509 1741 652 1824 animum
675 1762 828 1826 inducere
846 1781 911 1826 non
936 1762 1086 1838 voluisse,
1116 1766 1150 1822 ut
1173 1761 1235 1822 cir-

73 1875 180 1938 cuitus
195 1890 268 1934 suos
290 1890 439 1953 magnum
454 1875 608 1953 quiddam
631 1881 777 1938 sonantes
792 1876 887 1938 nudis
902 1875 1164 1955 simplicibusque
1178 1874 1233 1934 do·

74 1999 148 2044 mus
162 1981 332 2044 Socraticae
348 1983 511 2044 sententiis
530 1985 800 2046 accommodaret.

119 2087 265 2162 Quamvis
276 2105 341 2149 nou
356 2089 492 2179 verbum
506 2108 565 2169 pro
587 2091 684 2153 verbo
703 2109 831 2153 necesse
846 2089 995 2153 habuerit
1009 2090 1155 2163 reddere,
1174 2088 1237 2149 dil-

77 2199 258 2262 freillimum
273 2203 379 2259 tamen
406 2196 516 2260 Cicero
530 2199 670 2278 suscepit
681 2217 772 2278 opus.
790 2201 932 2278 Namque
946 2203 1019 2259 ante
1035 2195 1125 2258 illum
1140 2214 1235 2257 nemo

74 2309 140 2370 tale
164 2305 292 2368 dicendi
317 2322 415 2384 genus
431 2311 630 2380 tractaverat,
653 2324 748 2368 nemo
770 2308 808 2368 de
832 2304 945 2368 studiis
964 2303 1033 2368 istis
1052 2303 1236 2386 gravissime

76 2418 111 2477 et
131 2410 348 2493 copiosissime
374 2414 522 2490 potuerat
548 2410 665 2474 dicere.
697 2411 778 2485 Quid
810 2410 896 2475 enirn
921 2428 1097 2472 memorem
1121 2411 1235 2470 Amati-

78 2522 170 2584 nium
185 2520 227 2601 (3)
261 2525 316 2581 aut
330 2517 506 2593 Rabirium,
534 2518 601 2597 qui,
628 2518 715 2580 nulla
737 2523 804 2580 arte
825 2516 979 2593 adhibita,
997 2517 1145 2579 derebus
1166 2521 1238 2578 ante

79 2631 191 2692 oculos
216 2627 329 2706 positis
355 2626 474 2705 vulgari
503 2643 649 2687 sermone
669 2625 874 2713 disputabant
894 2623 955 2704 (l)?
973 2624 1054 2694 Quid
1072 2626 1105 2684 T.
1124 2627 1238 2686 Varro·

79 2739 175 2800 nern?
204 2758 219 2795 n
245 2733 484 2813 Philosophiam
512 2733 621 2796 multis
644 2731 722 2794 locis
741 2728 913 2807 inchoavit,
941 2732 980 2790 ad
1007 2730 1238 2808 impellendum

78 2847 166 2922 satis,
183 2846 221 2906 ad
238 2842 438 2932 edocendum
451 2859 561 2922 pamm
583 2841 635 2921 (ὅ),
653 2862 667 2897 o
687 2839 899 2902 Praetermitto
916 2842 950 2903 G.
970 2839 1165 2913 Lucretium,
1179 2838 1234 2918 qui

79 2971 155 3018 cum
172 2949 308 3013 mirabili
323 2949 475 3011 brevitate
490 2947 618 3011 dicendi
644 2930 836 3010 «denatura
856 2965 963 3010 rerum
987 2967 1002 3004 n
1026 2951 1074 3008 tot
1088 2950 1238 3024 tantaque

80 3060 244 3135 disseruit;
258 3057 388 3140 physica
405 3056 532 3136 scripsit
547 3058 600 3138 (6),
618 3075 683 3119 nou
697 3057 929 3138 philosophica.
944 3055 1159 3128 Quamobrem
1171 3072 1237 3116 ma-

80 3189 180 3251 gnum
204 3176 281 3246 erat,
294 3186 393 3248 quum
410 3168 597 3229 Ciceronem
619 3165 714 3228 latina
733 3168 908 3229 deficerent
924 3167 1080 3246 exempla,
1095 3164 1127 3226 in
1143 3165 1237 3228 rebus

119 3539 155 3604 (1)
168 3537 228 3596 Cic,
245 3534 276 3586 de
291 3540 348 3606 cpe.
362 3553 419 3603 geu.
435 3538 511 3595 Orat,
528 3551 582 3602 cap.
595 3540 619 3588 5.

119 3624 154 3690 (2)
169 3623 230 3686 cie,
243 3620 274 3672 de
287 3623 347 3680 Fla,
362 3621 406 3672 ΙΙΙ.

119 3710 154 3775 (3)
172 3708 225 3759 Vid.
239 3705 381 3768 Praecidam,
397 3705 437 3766 ΙΙΙ,
453 3709 478 3758 3.
493 3734 524 3743 -
534 3706 614 3776 Epist.
629 3703 704 3771 farn,
725 3705 775 3764 XV,
797 3709 835 3757 le.
854 3731 866 3750 ιι
880 3707 934 3774 lpse
945 3707 1010 3757 enim
1023 3708 1150 3775 Epicurus,
1164 3727 1178 3760 a
1193 3727 1242 3776 quo

82 3811 170 3847 omnes
189 3794 252 3845 Catii
277 3803 302 3844 et
322 3789 452 3860 Amafinii,
467 3790 525 3840 mali
547 3788 673 3839 verborum
698 3790 848 3860 interpretes,
864 3792 1064 3859 proficiscuntur,
1079 3794 1182 3846 dicitu«
1195 3796 1241 3847 οὐκ

82 3881 153 3933 ἔστιν
164 3880 243 3940 ἡδέως
255 3876 314 3930 ἄνευ
326 3875 372 3930 τοῦ
385 3879 467 3934 καλῶς
478 3876 519 3927 καὶ
530 3875 629 3932 δικαίως
640 3879 690 3940 ζῇν.
706 3899 718 3918 ·›

120 3967 156 4032 (4)
173 3964 234 4022 Cio..
246 3960 336 4024 Acad„
349 3960 370 4023 Ι,
381 3966 405 4013 3.

121 4050 157 4115 (5)
173 4047 234 4105 Cic..
248 4045 336 4105 Acad„
353 4043 371 4096 l.
384 4063 406 4096 c.
454 4079 457 4086 -

121 4135 158 4201 (6)
171 4132 227 4183 Non
244 4131 269 4182 in
289 4132 383 4183 honore
402 4146 488 4197 magno
501 4141 570 4183 crant
584 4131 705 4199 Epicurei,
720 4141 747 4182 ut
765 4131 844 4182 Latini
861 4132 999 4200 scriptores.
1014 4133 1040 4184 T.
1053 4134 1130 4186 Varro
1144 4136 1170 4186 in
1183 4138 1245 4189 Aca·

86 4218 189 4270 demicis
200 4217 230 4284 (Ι,
245 4217 289 4281 tl:
306 4238 318 4261 u
334 4215 398 4276 Quid
409 4225 445 4266 est
457 4233 579 4282 magnum,
600 4235 676 4283 quum
697 4234 780 4269 causas
798 4235 880 4269 rernm
894 4218 1053 4269 efficientium
1066 4221 1199 4281 sustuleris,
1216 4224 1246 4273 de

87 4303 291 4371 corpusculorum
304 4302 349 4368 (ita
361 4302 425 4352 eriim
439 4301 577 4369 [Epicurus]
598 4303 705 4369 appellat
716 4303 818 4367 atomos)
841 4303 998 4353 concursione
1016 4303 1116 4354 fortuita
1130 4307 1214 4372 loquir
1231 4330 1243 4352 »

88 4418 124 4430 —-
137 4388 191 4440 vid.
205 4389 288 4450 Ture„
303 4386 335 4450 ll,
349 4390 406 4436 7.-
417 4387 496 4454 Atque
508 4387 583 4438 ctiam
594 4386 716 4438 aliislocis
728 4403 769 4438 eos
783 4387 922 4454 perstringit
935 4398 960 4439 et
976 4388 1064 4455 carpit.
1081 4389 1175 4455 (lbra,
1188 4391 1208 4452 1,
1220 4396 1244 4445 Ι.

92 4501 125 4511 -
139 4469 250 4535 cerere,
262 4469 282 4531 Ι,
296 4474 326 4534 8;
341 4468 385 4532 ΙΙΙ,
397 4470 447 4536 rb).

1111 4561 1138 4620 b
