2790 4770
555 215 733 282 ..53-

62 337 198 440 'qnidom
224 357 273 442 (ut
300 359 447 440 exemplo
475 359 557 443 utar)
571 358 696 440 singula
719 375 854 440 quasque
871 357 910 421 ab
925 357 1035 440 Ulysse
1050 352 1135 416 dicta
1149 350 1222 414 dili·

65 474 178 551 genter
190 485 391 550 percenseas,
407 467 516 532 Cicero
528 485 613 550 saepe
628 466 794 531 laudabilis
808 465 963 546 interpres
980 464 1039 528 tibi
1052 461 1222 538 ridebitur3

64 578 89 640 si
116 595 191 641 vero
211 577 317 657 operis
340 594 510 655 summam,
539 575 658 640 infelix.
683 575 810 641 Scilicet
823 578 979 639 Homerus
992 590 1060 637 rem
1070 571 1174 635 vivide
1187 586 1224 658 ac

64 703 171 766 presse
199 684 301 767 pingit
321 685 381 767 (l);
404 686 523 761 Tullius
546 690 653 749 autem
681 690 799 761 narrat,
817 690 848 748 et
861 684 947 747 hunc
962 683 1125 745 interdum
1142 700 1157 739 a
1171 680 1222 743 lu·

64 795 155 857 cidus
170 795 249 856 ordo
263 815 277 854 o
297 794 424 857 deserit.
443 794 509 857 Soli
526 793 660 874 Virgilio
682 798 736 856 aut
756 794 862 856 forsan
880 791 1029 856 Lucretio
1051 791 1161 852 datum
1179 804 1226 851 es·

64 907 112 964 set
137 899 253 964 hocin
273 901 345 964 loco
361 905 529 980 poetarum
550 901 729 980 principem
754 899 908 963 aemulari.
928 900 995 975 Ille,
1009 897 1084 963 lieet
1098 895 1227 978 ingenio

41 1082 43 1085 ¹
68 1013 232 1088 praestans,
250 1009 342 1090 plura
363 1008 458 1090 (haud
489 1006 636 1088 diffiteor)
659 1008 819 1087 omisisset
833 1008 939 1084 rerba,
948 1025 1019 1087 quae
1035 1005 1174 1070 sermoni
1186 1005 1229 1067 la·

66 1117 134 1178 tino
149 1115 357 1196 repugnantia
370 1133 442 1179 rere
456 1115 660 1179 Homericam
674 1115 904 1196 ingenuitatem
919 1119 1044 1192 sonant,
1059 1113 1106 1176 uti
1120 1115 1229 1192 «ἀγκυ-

63 1222 198 1302 λομητέω,
223 1223 450 1306 καρηκομόωντες,
477 1223 630 1303 parterm»
652 1241 756 1306 neque
780 1241 907 1304 semper
929 1222 963 1285 in
987 1222 1141 1285 imitanda
1157 1237 1229 1283 ora·

64 1330 158 1394 tionis
169 1331 273 1394 forma
284 1337 325 1408 et,
341 1333 424 1395 utita
440 1331 558 1411 dicam,
574 1331 783 1412 explicatione
796 1332 971 1414 plurimum
985 1326 1223 1393 elaboravisset:

64 1437 184 1520 quippe
198 1439 380 1503 excellentis
402 1439 520 1520 ingenii
542 1444 589 1502 est
603 1444 725 1503 suamet
740 1456 918 1521 praeeavere
932 1443 1098 1502 naturane
1113 1453 1227 1500 nume-

64 1551 152 1609 retur
170 1546 254 1608 inter
276 1564 329 1610 eos
356 1547 395 1608 de
417 1547 532 1627 quibus
547 1533 678 1610 Flaccus
695 1552 804 1610 noster
819 1546 1006 1610 exclamavit
1024 1565 1031 1609 :
1057 1543 1227 1608 101111111-

64 1658 160 1729 tores,
178 1670 304 1716 servum
321 1658 465 1734 pecustn
482 1655 544 1718 Sed
561 1655 633 1735 quis
645 1655 775 1736 propius
799 1653 986 1735 aequavisset
1006 1655 1129 1716 clarum
1144 1652 1222 1715 illud

64 1761 194 1823 Homeri
218 1778 256 1824 ao
272 1761 367 1825 breve
381 1761 509 1825 dicendi
528 1781 638 1842 genus,
654 1763 763 1842 lepore
784 1762 880 1826 etiam
893 1761 1114 1844 plenissimum
1124 1760 1139 1823 1
1150 1757 1225 1832 Quis

62 1866 142 1929 alius
167 1867 369 1932 effecissatut
397 1869 444 1932 illi
460 1869 593 1950 picturae
614 1870 733 1934 rediret
748 1872 838 1935 color
853 1875 885 1933 et
897 1869 1043 1951 sanguis?
1060 1872 1107 1932 Ita
1121 1873 1224 1949 poetae

62 1975 168 2054 magui
193 1993 211 2037 a
239 1977 361 2057 maguis
384 1977 481 2040 vitam
509 1983 676 2042 resumunt
697 1977 934 2042 imitatoribus:
956 1979 1000 2039 nil
1014 1977 1078 2040 illis
1089 1977 1224 2039 arduum

62 2089 128 2160 est3
156 2100 260 2165 neque
281 2084 425 2148 sublimis
451 2085 521 2163 viri,
545 2087 635 2167 cujus
652 2086 792 2168 effigiem
811 2105 920 2149 rursus
937 2086 1077 2149 animare
1099 2086 1219 2162 volunt,
1257 2104 1260 2108 ’

60 2189 245 2269 praestantia
267 2191 388 2272 ingens,
403 2179 507 2274 neque
522 2195 659 2275 propriae
675 2193 791 2276 cuique
809 2195 948 2258 sermoni
963 2194 1129 2283 varietates
1142 2211 1212 2256 eos·

56 2300 135 2361 dem
149 2300 189 2363 ab
204 2300 345 2380 incoepto
373 2302 545 2366 deterrent
561 2305 603 2366 At
617 2302 728 2366 Cicero
750 2305 910 2385 «grandia
922 2304 1026 2368 tenuis
1039 2324 1054 2362 o
1075 2307 1218 2378 conatur,

60 2408 138 2468 dum
161 2407 194 2468 id
218 2409 324 2471 studet
346 2414 382 2472 111
402 2410 571 2473 Homerica
593 2409 691 2489 spiret
705 2411 739 2472 in
758 2410 900 2474 versibus
913 2410 1104 2491 eloquentia.
1121 2410 1157 2472 Ei
1172 2414 1231 2472 ta·.

64 2531 139 2578 men
160 2514 335 2579 referendae
364 2521 438 2580 sunt
460 2522 581 2598 grates,
607 2519 693 2598 quod
720 2518 873 2582 circuitus
893 2518 1122 2581 sententiarum
1136 2517 1219 2596 epici

60 2621 211 2685 carminis
229 2623 354 2687 assidue
375 2642 412 2687 ao
434 2625 589 2687 tenaciter
615 2623 776 2706 (quantum
797 2626 884 2707 licet)
901 2632 1102 2707 assequatur,
1121 2625 1218 2688 hexa-

59 2733 262 2810 metrumque
277 2747 402 2811 gravem
426 2732 465 2793 ad
490 2730 719 2794 diversissimos
730 2750 886 2796 novarum
900 2751 1007 2795 rerum
1027 2750 1101 2794 usus
1115 2735 1217 2795 tentet

57 2835 233 2900 inflectere.
248 2837 382 2900 Paucae
398 2839 506 2901 multis
520 2837 591 2902 haee
612 2845 799 2920 argumento
814 2845 888 2904 sunt
906 2840 1050 2919 exempla
1065 2859 1073 2901 :

96 3051 198 3124 Τλῆτι,
210 3051 291 3136 pstor,
304 3050 350 3113 aad
363 3051 465 3133 μείνατ’
480 3052 524 3115 ἐπὶ
536 3052 645 3136 χρόνον,
665 3056 705 3120 of.
720 3058 807 3137 ferde,
819 3053 888 3134 viri,
906 3060 993 3121 etc...
1009 3055 1169 3118 tolerate...

96 3147 127 3218 εὔ
139 3156 191 3242 γὰρ
206 3157 277 3232 δὴ...
298 3160 339 3223 11.
355 3179 485 3244 namque
500 3179 648 3227 omnes..

93 3262 140 3332 of<
156 3261 205 3344 μὲν
219 3267 343 3349 Κῆρες...
356 3269 399 3331 11.
413 3273 467 3349 qui
483 3288 548 3332 non
563 3270 731 3334 funestis...

143 3369 185 3434 ὅτ’
199 3376 226 3443 ἐς
239 3373 377 3440 atrata...
394 3377 435 3440 cf.
451 3377 600 3459 Arpoltca's
608 3382 743 3458 primum
752 3383 821 3442 ot...

92 3479 148 3542 fnt’
159 3477 205 3562 ὅγε
216 3481 275 3550 τοὺς
293 3481 427 3548 eleuat...
443 3486 485 3550 of.
499 3486 586 3565 111111,
600 3486 656 3550 uhi
669 3489 737 3549 tam
749 3490 913 3550 teneros...

92 3593 172 3667 ἡμεῖς
185 3586 209 3647 δ’
220 3587 378 3659 ἑσταότες...
402 3593 443 3655 11.
460 3611 516 3656 nos
529 3601 630 3657 nutem
644 3592 750 3657 timidi
762 3597 917 3656 stantes...

92 3695 159 3772 ἡμῖν
172 3692 219 3773 μὲν
231 3693 286 3765 τόδ’
299 3695 377 3779 {ppos
387 3696 504 3782 τέρας...
521 3701 564 3762 cf.
580 3701 665 3763 llobt's
676 3700 747 3764 haec
763 3704 910 3780 portenta
927 3689 1031 3786 Deum
1042 3699 1168 3778 dedit...

91 3801 153 3878 ἤτοι
165 3798 224 3862 κὰπ
237 3802 339 3884 aridior,
362 3808 405 3872 cf.
427 3811 481 3890 qui
497 3807 596 3872 miser
614 3807 649 3872 111
667 3812 835 3888 1111111111...

83 4169 123 4238 (1)
140 4189 155 4219 ι
167 4167 236 4223 Idem
248 4169 318 4224 latus
332 4188 362 4224 ae
375 4189 480 4242 pressus,
492 4176 615 4244 jucundus
627 4184 653 4232 et
669 4179 756 4246 grauia
773 4189 827 4234 111111
839 4181 922 4252 copia,
934 4189 988 4234 tum
1000 4179 1120 4234 brevitate
1139 4181 1215 4234 mira·
1271 4250 1273 4254 ι

50 4253 545 4328 11111...ι(01111.111.οναι.1,1.)
