2790 4770
610 214 808 277 -138-

135 376 245 434 νωνοῶν
263 362 281 441 ὅ
299 366 336 435 τό
357 370 459 460 μέσον,
477 369 584 460 ὅτιπερ
607 368 644 435 τὸ
664 378 783 462 πρῶτον
803 368 880 460 πρὸς
902 369 990 452 αὐτὸ,
1009 377 1104 436 τοῦτο
1121 368 1198 461 αὐτὸ
1215 367 1291 460 πρὸς

134 492 172 560 τὸ
192 492 336 586 ἔσχατον,
353 492 404 561 καὶ
430 491 520 560 πάλιν
542 491 624 572 αὖθις
648 494 699 560 ὅτι
727 494 763 560 τὸ
791 495 925 586 ἔσχατον
946 495 1022 586 πρὸς
1053 493 1092 560 τὸ
1120 494 1225 585 μέσον,
1254 491 1290 556 τὸ

132 619 223 709 μέσον
239 618 312 711 πρὸς
322 620 359 685 τὸ
374 628 509 715 πρῶτον,
524 616 597 685 τότε
614 618 650 684 τὸ
666 620 757 710 μέσον
771 619 824 712 μὲν
837 629 959 712 πρῶτον
975 617 1027 687 καὶ
1040 619 1172 711 ἔσχατον
1187 617 1289 711 γιγνό·

133 768 233 834 μενον,
255 745 290 811 τὸ
317 734 345 808 δ’
370 745 502 836 ἔσχατον
527 742 579 811 καὶ
604 745 640 812 τὸ
669 752 789 837 πρῶτον
822 741 859 812 αὖ
893 745 972 836 μέσα
999 744 1172 838 ἀμφότερα,
1199 741 1290 810 πάνθ’

40 913 41 918 1
132 872 229 946 οὸτως
243 861 276 946 ἐξ
294 869 429 964 ἀνάγκης
446 868 486 935 τὰ
503 865 584 936 αὐτὰ
598 865 673 936 εἶναι
694 863 894 963 ξυμὸάσεται,
915 866 956 936 τά
977 865 1058 937 αὐτὰ
1083 859 1118 936 δὲ
1140 867 1289 963 γενόμενα

132 994 276 1072 ἀλληλοις
291 991 320 1060 ἓν
341 994 446 1062 πάντα
462 993 562 1061 έσται.
580 995 618 1061 Εἰ
639 994 692 1087 μὲν
714 992 763 1062 οὖν
780 985 925 1063 έπίπεθον
942 993 1008 1086 μὲν,
1031 993 1125 1079 βάθος
1140 984 1176 1070 δὲ
1192 984 1289 1086 μηδὲν

76 1114 83 1127 ’
131 1119 200 1212 ἕχον
220 1111 283 1187 ἔδει
302 1119 456 1216 γίγνεσθαι
482 1122 516 1189 τὶ
534 1132 590 1189 τοῦ
605 1122 722 1200 παντὸς
749 1131 851 1214 σῶμα,
877 1120 932 1214 μία
960 1120 1091 1213 μεσότης
1112 1116 1148 1187 ἃν
1173 1111 1289 1210 έξὸρκει

131 1243 171 1310 τά
187 1269 221 1310 τε
237 1245 301 1336 μεθ’
322 1250 432 1324 ἑαυτῆς
449 1237 564 1325 ξυνδεῖν
585 1248 637 1314 καὶ
655 1250 788 1322 ἑαυτόν·
809 1257 860 1314 νῦν
880 1238 926 1327 δέ,
950 1236 1108 1341 στεροειθῆ
1122 1239 1182 1339 γάρ
1196 1246 1287 1310 αὐτόν

130 1376 280 1460 προσῆκεν
301 1365 387 1454 εἶναι,
411 1360 502 1443 τὰδὲ
523 1367 630 1462 στερεά
648 1370 703 1462 μία
723 1372 777 1463 μὲν
801 1363 965 1455 οὐδέποτε,
988 1362 1045 1437 δόο
1065 1360 1100 1436 δὲ
1130 1367 1175 1435 ἀεὶ
1195 1367 1289 1458 μεσό·

132 1519 222 1573 τητες
243 1485 525 1588 ξυναρμόττουσιν·
547 1499 629 1563 οὕτω
644 1488 683 1570 θη
703 1496 795 1589 πυρός
811 1523 845 1563 τε
865 1495 918 1563 καὶ
939 1475 995 1591 γης
1019 1487 1102 1587 ὕδωρ
1121 1493 1195 1586 ἀέρα
1216 1517 1250 1559 τε
1271 1497 1287 1558 ὅ

131 1619 195 1698 θεὸς
210 1623 239 1687 ἐν
260 1623 343 1713 μέσῳ
362 1620 421 1699 θεὶς
443 1621 494 1688 καὶ
520 1623 595 1714 πρὸς
615 1619 737 1691 ἄλληλα
765 1621 896 1690 καθόσον
920 1618 957 1715 ἦν
989 1613 1122 1688 δυνατὸν
1149 1615 1208 1685 ἀνὰ
1236 1617 1287 1684 τὸν

128 1744 219 1813 αὐτὸν
234 1745 328 1841 λόγον
344 1746 592 1841 ἀπεργασάμενος
610 1749 716 1840 ὅτιπερ
736 1757 795 1843 πῦρ
810 1748 885 1841 πρὸς
904 1748 1101 1840 ἀέρα,,τοῶτο
1119 1743 1194 1837 ἀέρα
1210 1743 1288 1834 πρὸς

130 1861 226 1965 ὕδωρ,
250 1869 301 1937 καὶ
325 1873 371 1938 ὅτι
392 1871 449 1965 ἀηρ
470 1872 546 1963 πρὸς
565 1862 658 1966 ὕδωρ,
683 1863 765 1965 ὕδωρ
783 1873 858 1966 πρὸς
878 1881 947 1966 γῆν,
968 1859 1110 1949 ξυνέθησε
1129 1867 1182 1934 καὶ
1201 1862 1288 1944 ξυνε-

130 2003 268 2075 στησατο
284 1998 409 2088 οὐρανὸν
424 1998 535 2091 ὁρατὸν
551 1997 603 2065 καὶ
616 1998 727 2065 ἁπτόν.
747 1997 812 2066 Καὶ
827 1988 880 2063 θιά
892 2007 990 2063 ταῦτα
1008 1997 1042 2062 έκ
1059 2020 1093 2062 τε
1109 1984 1149 2068 θη
1166 1994 1286 2060 τούτων

127 2126 275 2192 τοιούτων
295 2121 347 2190 καὶ
364 2124 417 2190 τὸν
438 2123 563 2217 ἀριθμόν
582 2121 739 2216 τεττάρων
761 2123 796 2190 τὸ
816 2133 872 2190 τοῦ
888 2124 1005 2215 κόσμου
1027 2130 1119 2212 σῶμα
1141 2116 1286 2212 ἐγεννήθη

130 2237 170 2313 δι’
196 2247 360 2341 ἀναλογίας
386 2252 594 2342 ὁμολογῆσαν,
620 2244 722 2339 ριλίαν
748 2272 781 2314 τε
800 2247 886 2338 έσχεν
917 2250 951 2312 ἐκ
972 2246 1108 2327 τοότων,
1140 2245 1215 2309 ὥστ’
1245 2240 1287 2320 εἰς

130 2355 241 2440 τάύτὸν
262 2377 347 2459 αὐτῷ
362 2367 497 2451 Ευνελθόν
517 2369 630 2440 άλυτον
650 2373 708 2438 ὑπὸ
726 2383 781 2440 τοῦ
799 2369 896 2440 άλλου
914 2375 994 2447 πλὴν
1013 2370 1072 2437 ὑπὸ
1095 2378 1151 2435 τοῦ
1174 2355 1287 2446 Ευνὸό·

129 2526 237 2577 σαντος
255 2497 404 2592 γενέσθαι.
428 2502 497 2565 Τῶν
519 2490 553 2565 δὲ
574 2490 612 2574 θη
643 2497 803 2591 τεττάρων
823 2495 854 2566 έν
873 2501 943 2566 ὅλον
973 2476 1103 2564 ἕκαστον
1124 2493 1285 2586 είληρενιί

130 2632 186 2689 τοῦ
204 2623 319 2718 κόσμου
338 2615 493 2703 ἱόστασις.
513 2613 561 2692 Ἐκ
580 2620 638 2717 γὰρ
668 2622 760 2717 πυρός
782 2625 899 2704 παντὸς
925 2614 1041 2700 ὕδατός
1062 2646 1096 2688 τε
1124 2616 1178 2687 καὶ
1197 2619 1287 2712 ἀέρος

129 2745 180 2814 καὶ
202 2758 257 2842 γῆς
287 2742 466 2826 ξυνέστησεν
489 2749 578 2815 αὐτὸν
607 2753 623 2814 ό
651 2722 805 2831 ξυνιστὰς,
824 2751 911 2841 μέρος
942 2739 1031 2815 οὐδὲν
1060 2736 1185 2822 οὐθενὸς
1211 2734 1286 2811 οὐδὲ

129 2864 257 2968 δύναμιν
278 2868 384 2952 ἔξωθεν
407 2876 579 2960 ὑπολιπὼν,
598 2865 679 2952 τάδε
703 2864 892 2952 διανοηθείς·
916 2881 1039 2966 πρῶτον
1069 2871 1123 2964 μὲν
1143 2871 1193 2936 ἵνα
1215 2870 1287 2936 ὅλον

128 3002 177 3067 ὅτι
190 3002 328 3093 μάλιστα
341 2992 415 3087 Ιζῷον
432 3003 535 3067 τέλεον
552 3005 585 3067 ἐκ
605 3000 715 3066 τελέων
737 3009 797 3066 τῶν
816 3009 914 3093 μερῶν
933 2996 991 3084 εἴη,
1012 2997 1087 3091 πρὸς
1107 2989 1141 3063 θὲ
1162 2997 1287 3074 τοότοις

128 3124 171 3211 ίν,
191 3124 247 3193 άτε
263 3129 320 3216 οὐχ
335 3127 595 3216 ὑπολελειμμένων
617 3119 648 3202 ἐξ
666 3125 706 3192 ὧν
723 3120 800 3192 άλλο
828 3135 950 3193 τοιοῦτο
975 3127 1086 3220 γένοιτ’
1104 3115 1154 3206 ὅιν,
1178 3120 1225 3188 ἔτι
1250 3109 1287 3185 δὲ

128 3253 178 3317 ίνα
195 3252 315 3344 ἀγόρων
331 3248 381 3316 καὶ
396 3247 504 3317 άνοσον
520 3261 552 3343 η,
566 3260 738 3339 κατανοῶν,
762 3257 801 3329 ὡς
823 3244 968 3336 ξυστατῷ
982 3251 1104 3342 σώματι
1118 3228 1286 3341 [σώματα]

129 3373 224 3468 θερμὰ
241 3373 293 3442 καὶ
310 3369 413 3467 ψυχρά
427 3375 477 3441 καὶ
497 3372 585 3443 πάνθ’
599 3376 654 3443 ὅσα
675 3367 818 3468 δυνάμεις
836 3370 962 3469 ίσγιυράς
978 3377 1051 3466 ἔχει,
1063 3370 1288 3462 ,περιιστάμενα

128 3493 234 3578 ἔξωθεν
247 3500 549 3596 καὶπροσπίπτοντα
560 3501 692 3593 ἀκαίρως
702 3504 768 3568 λόει
778 3501 828 3568 καὶ
842 3501 949 3578 νόσους
964 3498 1062 3594 γῆράς
1080 3523 1114 3565 τε
1128 3495 1288 3590 ἀπάγοντα

130 3625 239 3718 ρθίνειν
258 3633 348 3695 ποιεῖ.
372 3625 432 3692 Διὰ
457 3619 496 3702 θη
522 3629 578 3701 την
600 3627 701 3693 αἰτίαν
719 3626 770 3692 καὶ
791 3627 843 3693 τὸν
862 3625 1012 3719 λογισμὸν
1039 3613 1129 3690 τόνδε
1160 3618 1189 3687 ἓν
1214 3623 1286 3687 ὅλον

129 3754 207 3818 ὅλων
228 3744 259 3829 ἐξ
276 3751 418 3819 ἀπάντων
440 3753 540 3819 τελεον
561 3750 612 3818 καὶ
636 3753 757 3846 ἀγήρων
772 3751 824 3817 καὶ
845 3747 953 3816 άνοσον
975 3748 1055 3815 αὐτὸ
1077 3747 1283 3819 ἐτεκτήνατο.

183 3864 251 3941 Vl.
274 3882 386 3971 Σχῆμα
410 3868 445 3943 δὲ
465 3869 577 3944 ἔδωκεν
608 3880 693 3964 αὐτῷ
720 3878 754 3944 τὸ
777 3879 891 3967 πρέπον
912 3873 964 3941 καὶ
988 3873 1025 3939 τὸ
1058 3865 1208 3966 ξυγγενές.
1231 3872 1288 3957 Τῷ

131 3996 166 4071 δὲ
182 4003 222 4073 τά
240 4005 333 4073 πάντ’
359 4007 387 4070 ἐν
412 4009 496 4089 αὑτῷ
514 3999 578 4090 ζῳοι
599 4003 747 4097 περιέχειν
778 4005 925 4095 μέλλοντι
951 3993 1018 4087 ζῴῳ
1038 4001 1152 4091 πρέπον
1182 3991 1217 4063 ἀιν
1240 3995 1286 4070 εἴη

129 4143 237 4224 σχῆμα
261 4131 296 4197 τὸ
320 4132 512 4224 περιειληφὸς
537 4132 567 4196 έν
590 4134 674 4215 αὑτῷ
702 4129 816 4196 πάντα.
837 4127 939 4194 όπόσα
963 4129 1124 4218 σχηματα.
1152 4121 1205 4190 Διὸ
1234 4121 1287 4188 καὶ

129 4248 334 4351 σφαιροειδὲς,
349 4258 384 4323 ἐκ
399 4256 491 4348 μέσου
509 4253 609 4329 πάντη
625 4255 701 4349 πρὸς
719 4251 774 4333 τὰς
790 4248 935 4329 τελευτὰς
952 4247 1017 4318 ἴσον
1031 4246 1161 4341 ἀπέχον,
1175 4250 1290 4314 κυκλο·
