2790 4770
669 395 844 460 -li-

219 532 364 596 Silvicolo
378 532 433 612 (l),
451 534 493 595 ci.
509 533 660 606 ὑληκοίτηι.
682 536 803 596 Nomen
820 537 905 614 quod
921 536 1018 598 semel
1033 535 1175 616 hospitio
1189 535 1340 616 Virgilius

179 639 311 718 recepit,
327 657 386 701 uec
401 639 532 719 antiqua
545 640 666 721 origine
683 642 857 721 indignum.
1308 658 1312 665 ·

221 748 446 808 Trisacltseaeac
462 747 610 828 (Nestor).
628 749 815 811 Homericus
830 766 916 824 sane,
939 749 965 810 si
983 749 1196 825 sententiam,
1219 749 1246 810 si
1265 766 1341 811 vero

178 851 314 916 nominis
336 853 604 930 compositionem
642 856 834 933 respexeris,
867 855 1034 917 Barbarus.
1063 856 1185 926 Quanto
1210 856 1340 918 suavius

176 963 246 1024 haec
261 968 432 1024 resonant:
452 981 466 1018 a
477 966 526 1022 ter
539 977 605 1021 aevo
617 961 742 1022 innotus
756 964 868 1022 senexl
883 982 897 1021 ν
917 960 1004 1041 (Hor.
1018 961 1123 1022 Carm.
1139 961 1175 1035 ll,
1193 958 1235 1039 9).
1248 961 1339 1023 Idem

178 1076 274 1150 atque
293 1066 570 1132 strisaeclisenexn
588 1068 781 1148 eloquuntur
799 1069 869 1129 haec
883 1066 988 1130 Iliadis
1007 1067 1148 1129 carmina
1166 1087 1173 1129 :

284 1257 338 1342 Τῷ
358 1245 388 1320 θ’
404 1245 465 1327 ἤδη
486 1245 540 1319 δύο
560 1253 614 1343 μὲν
629 1253 728 1345 γενεαὶ
743 1254 881 1346 μερόπων
898 1253 1064 1344 ἀνθρώπων

286 1378 413 1472 ἐφθίαθ’,
430 1376 458 1445 οἳ
475 1379 503 1446 οἱ
519 1379 647 1472 πρόσθεν
663 1378 727 1470 ἄρα
747 1367 857 1470 τράφεν
877 1371 929 1454 ἡδ’
947 1378 1085 1471 ἐγένοντο

287 1507 317 1571 ἐν
334 1507 429 1591 Πύλῳ
449 1503 574 1598 ἀγαθέῃ,
596 1501 673 1596 μετὰ
697 1496 729 1571 δὲ
749 1505 937 1596 τριτάτοισιν
959 1501 1101 1571 ἄνασσεν.

283 1656 380 1709 Nestor
393 1652 502 1709 tertiam
513 1653 572 1725 jam
582 1651 725 1708 homiuum
739 1660 849 1710 aetatem
862 1651 981 1709 videbat.

890 1741 953 1805 Cic.7
969 1743 1024 1808 Caj.
1037 1743 1104 1809 maj„
1116 1741 1144 1801 X,
1157 1747 1197 1793 31.

217 1909 262 1968 Ex
278 1908 326 1969 his
342 1908 434 1969 facile
456 1913 588 1985 apparet
601 1905 761 1968 vocabulis
784 1912 936 1984 quantum
950 1904 1160 1967 elaboraverit
1182 1905 1238 1967 ille
1251 1908 1336 1970 Grae«

177 2031 287 2076 corum
310 2014 468 2092 interpres
485 2014 578 2076 simul
594 2013 791 2088 mimitatur,
808 2018 843 2074 ut
862 2030 1044 2076 sermonem
1070 2013 1211 2091 patrium
1236 2032 1335 2088 novo,

117 2120 120 2125 ’
177 2125 212 2181 ut
235 2120 278 2181 ita
295 2121 411 2195 dicam,
438 2121 619 2182 divitiarum
642 2139 757 2201 genere
780 2123 960 2201 adaugeret.
986 2123 1048 2184 Ista
1072 2123 1203 2201 quidem
1226 2124 1337 2186 omnia

177 2227 313 2301 Naevius,
331 2244 429 2304 quum
444 2229 583 2305 «plenus
596 2227 751 2306 superbia
766 2227 933 2306 Campanae
949 2227 990 2309 (2)
1005 2250 1018 2287 ν
1039 2246 1131 2290 suum
1144 2230 1217 2308 plus
1232 2231 1335 2295 nimio

177 2334 348 2396 miraretur
371 2336 557 2414 inemptum,
574 2336 725 2398 nonsatis
747 2337 785 2397 ad
802 2355 892 2398 aures
908 2336 1100 2416 elegantium
1122 2339 1265 2399 virorum
1287 2359 1336 2402 ac·

177 2443 401 2505 commodavit.
422 2447 463 2506 At
476 2461 551 2507 vero
566 2444 651 2505 idem
666 2445 754 2522 quasi
771 2445 854 2506 viam
869 2445 946 2506 lecit
960 2445 1190 2523 posterioribus
1210 2449 1333 2524 poetis,
1383 2518 1387 2533 Ζ

178 2553 293 2632 quibus
307 2553 404 2615 verba

283 2731 399 2804 Fingere
412 2731 542 2788 cinctutis
555 2747 612 2788 non
629 2729 753 2787 exaudita
767 2731 894 2804 Cethegis
906 2731 939 2804 (3)

179 2875 326 2955 contigit3
345 2873 481 2954 ideoque
495 2873 621 2955 gloriari
643 2874 798 2952 potuisset
815 2894 882 2937 sese
897 2877 1016 2955 aliquid
1032 2877 1071 2937 ad
1094 2873 1337 2954 amplificandas

182 2986 333 3044 Romana
350 2984 465 3062 linguae
482 3002 557 3063 opes
571 2984 753 3045 contulisse.
771 2984 938 3063 Suscipere
953 3002 1021 3046 rem
1034 2990 1098 3045 tam
1114 2984 1270 3044 audacem
1294 2980 1337 3044 vi·
1374 2984 1383 3015 '-

181 3094 275 3155 detur
290 3093 356 3171 ejus
372 3093 426 3172 qui
444 3092 536 3171 plane
551 3092 705 3154 intellexit
720 3093 796 3171 quid
811 3094 957 3156 utilitatis
970 3111 988 3154 a
1002 3091 1214 3154 scribentibus
1230 3092 1337 3171 excipi
1384 3108 1387 3113 ·

180 3204 297 3277 posset,
313 3199 339 3258 si
353 3199 449 3259 modo
464 3196 523 3276 ipsi
535 3215 662 3277 quoque
674 3198 935 3277 interpretatione
949 3199 995 3259 usi
1009 3197 1264 3276 diligentissima,
1283 3203 1339 3260 aut
1385 3246 1387 3283 :

183 3324 238 3384 per
256 3306 398 3385 ἀναλογίαν
415 3305 468 3385 (l),
489 3307 599 3367 eadem
614 3305 735 3367 scilicet
752 3323 824 3385 quae
835 3305 901 3384 jam
923 3306 1022 3366 Graeci
1038 3303 1258 3366 adhibuissent
1272 3305 1338 3366 ele-

180 3470 513 3480 ———-————---·

214 3563 250 3627 (l)
270 3563 356 3614 Postea
368 3563 399 3610 ad
412 3561 478 3611 illius
491 3561 559 3612 verbi
568 3562 691 3628 exemplar
703 3571 798 3611 creatus
807 3559 882 3626 viguit
893 3581 905 3604 s
917 3559 1022 3624 agricola
1030 3579 1043 3603 ν
1051 3559 1117 3624 apud
1131 3558 1343 3623 eloquentissimos

184 3657 304 3704 auctores,
325 3663 430 3713 moxque
439 3646 465 3696 in
483 3646 587 3712 linguam
597 3647 648 3712 jam
661 3654 824 3696 senescentem
836 3644 986 3710 irrepserunt
994 3665 1006 3688 a
1017 3643 1125 3693 caelicola
1135 3664 1157 3703 ν,
1175 3641 1305 3694 «ruricola
1317 3665 1342 3705 ν,

182 3756 195 3779 «
208 3733 323 3784 terricola
335 3749 359 3794 ν;
376 3753 388 3777 ιι
400 3732 508 3782 coelieola
523 3754 534 3776 n
550 3731 650 3796 quidem
658 3728 814 3796 Virgilianos,
829 3729 869 3779 sed
884 3729 946 3784 ἅπαξ
961 3728 1097 3794 εἰρημένος.

214 3817 250 3881 (2)
268 3817 299 3868 Α.
315 3815 378 3868 Gell.
388 3816 408 3876 1,
421 3820 454 3867 24
466 3833 471 3865 :
485 3837 498 3861 ι
510 3816 662 3882 Epigramma
671 3814 746 3866 Naevii
760 3814 859 3881 plenum
873 3813 990 3880 superbire
1004 3812 1140 3878 Campanae,
1150 3810 1215 3876 quod
1229 3811 1345 3864 testimo·

182 3901 252 3952 nium
267 3918 316 3952 esse
329 3903 422 3968 justum
436 3901 562 3968 potuisset,
576 3900 623 3951 nisi
636 3900 668 3951 ab
682 3900 734 3966 ipso
746 3899 837 3950 dictum
848 3909 924 3950 esset:
1310 3890 1314 3897 ’

480 4025 588 4066 Mortalels
597 4023 732 4064 immortalels
743 4025 792 4062 llere
803 4023 821 4062 si
834 4024 886 4062 lorct
900 4023 937 4069 las,

478 4088 551 4126 tierent
564 4085 621 4125 ulva
631 4086 732 4125 Qmunae
742 4085 832 4124 Naeviom
841 4088 935 4132 poetam

478 4149 547 4198 ltaque
556 4153 662 4197 postquam
673 4153 703 4187 est
712 4147 789 4187 orcino
797 4147 886 4186 traditus
893 4148 989 4186 thesauro
998 4175 1003 4193 ,

477 4210 547 4252 oblitei
556 4217 604 4251 snut
614 4213 682 4253 llomae
693 4211 772 4259 lcquler
781 4210 854 4258 lingua
863 4209 936 4250 latina.

268 4309 328 4361 llor.
342 4316 373 4361 A.
386 4312 414 4358 P.
432 4313 481 4362 50„

216 4314 253 4464 θθθ
270 4397 320 4447 Cic.
338 4395 405 4445 Unio.
423 4399 496 4445 l.-«
509 4392 663 4459 Comparatio
673 4390 830 4457 proportiove
844 4390 892 4438 diri
906 4380 993 4455 potest.
1005 4387 1137 4450 u—Quiul.
1147 4380 1211 4437 lust.
1226 4389 1271 4436 Or.
1283 4389 1304 4447 l,
1317 4396 1360 4450 6,.
