2790 4770
532 525 943 595 CICERONIANUM

218 775 562 895 LEXICON
614 774 1250 896 effluo-LATINUM

692 1095 720 1133 ΙΙ)
735 1094 783 1133 test

163 1274 278 1327 Luxicott
295 1290 325 1326 ex
341 1275 415 1327 variis
433 1276 572 1327 Grneorum
591 1276 678 1327 iocisa
700 1276 731 1327 tt.
747 1274 776 1330 Τ.
792 1275 910 1327 Cicerone
928 1275 1094 1345 interpretatis
1110 1274 1254 1334 collectum,
1274 1272 1318 1325 ubi

602 1378 699 1430 quoque
711 1361 884 1427 reperiuntur:

162 1526 271 1580 Primum
285 1556 316 1567 -
328 1526 454 1579 Vocabula
466 1545 559 1597 preca,
570 1545 624 1595 quo
638 1530 664 1580 in
679 1528 788 1597 Oriysreae
799 1545 829 1579 ae
842 1528 931 1580 Medeoe
940 1527 1100 1595 fragmentisu
1110 1527 1180 1579 Livio
1189 1526 1319 1593 unitoque

525 1629 641 1665 converso
655 1629 705 1665 esse
717 1613 873 1682 perspicuum
887 1623 936 1676 est3

161 1775 254 1829 Deinde
265 1803 297 1815 -
309 1777 444 1827 Grecorum
458 1775 533 1828 verbo
546 1778 609 1829 inter
620 1794 645 1827 se
659 1777 802 1845 eorrs'uncta,
817 1795 832 1829 a
851 1778 973 1831 veteribus
987 1776 1074 1847 poetis,
1089 1785 1117 1827 ui
1131 1773 1192 1827 mihi
1210 1773 1315 1834 videtur,

598 1862 625 1913 in
637 1862 741 1914 latinum
752 1864 877 1916 translaiu.

528 2230 736 2288 uxPLnNATio
757 2227 930 2287 SIGNORUM

188 2410 277 2479 priora
286 2410 357 2455 uerbo
365 2415 471 2456 notentur
480 2410 523 2455 itoo
532 2410 628 2465 simplici
638 2410 718 2463 signos
731 2408 743 2433 ¹

188 2482 326 2528 Posteriora
334 2489 417 2551 nutem,
431 2494 480 2538 qun
493 2482 540 2537 ipse
549 2494 577 2525 ex
589 2481 719 2537 compositis
731 2480 824 2525 vocibus
840 2479 914 2523 latinis
923 2477 1091 2534 proportionem
1100 2482 1191 2522 secutus
1200 2473 1288 2530 eissnxi,

214 2555 362 2599 ostenduntur
371 2557 413 2598 iroe
424 2554 506 2609 uupiiet
518 2553 598 2608 signos
612 2554 637 2580 *¹*

294 2662 320 2705 ii.
330 2662 354 2707 B.
369 2661 450 2705 Eodem
461 2660 525 2714 signo
537 2660 612 2704 notavi
625 2660 695 2703 multu
705 2671 718 2704 e
727 2659 808 2703 Grecis
820 2659 935 2711 vocabulo,
949 2669 999 2713 qun
1012 2658 1059 2710 ium
1074 2667 1115 2711 pro
1126 2656 1209 2699 Latinis

267 2721 429 2765 consuetudine
440 2721 492 2765 trita
501 2721 559 2776 opud
570 2722 600 2767 ii.
611 2722 636 2765 T.
647 2720 776 2765 Ciceronem
791 2726 829 2763 nui
843 2720 980 2773 antiquiores
990 2720 1066 2775 peetus
1079 2718 1207 2771 viguerunt.

189 2829 289 2884 Denique
302 2829 324 2873 iri
340 2829 430 2883 signum
441 2829 462 2883 i·
474 2829 577 2887 uesigmt
592 2831 667 2875 Graeea
680 2830 794 2877 rouobuiu.
808 2840 858 2884 qun
869 2829 946 2873 uicere
961 2828 1120 2883 interpretetur
1132 2834 1231 2881 turrium,
1243 2836 1287 2870 non

215 2906 290 2945 sutem
299 2900 414 2945 roseriirit.

370 3204 441 3273 Qut
460 3205 609 3263 RATIONE
628 3205 802 3264 Disposui
821 3205 895 3262 SINT
913 3204 1102 3261 VOCABULA.

216 3387 350 3433 Auctoritate
363 3397 418 3431 usus
429 3398 521 3439 eornm,
532 3388 571 3442 qui
588 3394 664 3432 nostro
680 3388 703 3431 in
719 3388 793 3433 seeuio
809 3388 943 3433 Thesauros
958 3390 1044 3443 tinpue
1060 3400 1144 3443 proeeoe
1156 3390 1289 3439 ediderunt,

189 3467 240 3503 unte
253 3461 335 3513 omnia,
346 3459 435 3514 quoties
448 3459 469 3503 iti
487 3460 535 3503 ileri
549 3459 630 3516 potuit,
647 3459 796 3503 indicativum
806 3461 908 3512 modurn,
927 3459 945 3503 si
960 3461 1031 3503 rona
1048 3462 1162 3504 scribendo
1176 3466 1263 3511 esstote
1272 3460 1290 3502 ni

190 3541 243 3574 vero
256 3531 352 3574 nomina
361 3535 400 3572 sut
409 3530 537 3583 antestius,
552 3530 716 3573 nominativum
729 3541 806 3573 ossum
820 3531 940 3574 lenioribus
950 3532 1056 3585 proposui
1067 3538 1196 3587 spretores,
1206 3542 1290 3586 quum.

192 3601 250 3645 unde
264 3602 369 3655 quodque
384 3598 519 3643 vocobulum
532 3600 561 3644 sit
574 3607 718 3655 excerptum,
732 3611 820 3655 sernpsr
828 3600 924 3645 dixerim
940 3602 1073 3653 [Graecorum
1087 3603 1218 3658 pierumque
1232 3602 1292 3645 ioeon

190 3673 297 3726 indicens,
314 3672 426 3715 interdum
441 3671 555 3716 Ciceronis
568 3672 647 3727 ipsius,
662 3672 742 3715 (trieris
759 3683 803 3715 non
818 3673 862 3725 lum
878 3672 1066 3727 suppetentibus),
1078 3674 1099 3717 iti
1114 3674 1178 3717 eiieei
1194 3679 1219 3716 ut
1233 3674 1291 3727 opud

190 3744 276 3787 Grecos
289 3749 312 3786 et
322 3743 351 3785 ii.
361 3742 460 3786 'iuiiinm
470 3754 549 3787 eorum
563 3743 709 3798 interpretem
723 3745 812 3799 proprio
827 3754 907 3789 vocum
924 3743 996 3797 figura
1008 3745 1072 3787 iueiie
1083 3750 1248 3798 rgrrorceretur.
1258 3743 1292 3785 Ob

189 3815 289 3859 eumdem
298 3826 386 3858 courum
396 3825 466 3868 psueo
477 3814 558 3869 protuli
569 3816 680 3871 exempto,
691 3826 754 3869 spem
769 3815 852 3859 hebens
867 3821 920 3868 (non
930 3815 1016 3858 irritum
1027 3814 1091 3871 puto)
1101 3816 1148 3859 iore
1160 3822 1183 3859 ut
1197 3815 1292 3869 uirisque

190 3886 350 3930 tiromntuticus
361 3887 429 3940 iocos,
440 3889 466 3930 mi
476 3897 532 3941 quos
542 3887 652 3940 precipuo
664 3887 729 3930 turin
739 3886 859 3939 pertinent,
870 3888 1002 3941 pierumque
1013 3892 1132 3941 repeteret.
