2790 4770
696 242 874 344 ,ζαμ-

236 461 285 505 ro.
313 437 411 515 Αὐτὸς
426 431 484 528 γὰρ
504 432 582 529 τοίγε
602 437 718 525 σήματ’
737 439 767 502 ἐν
788 439 905 529 οὐρανῷ
923 428 1091 526 ε’στνῖριξεν.

309 564 398 636 Quem
413 579 503 636 neque
516 572 667 638 tempestas
678 564 797 637 perimet
807 579 897 636 neque
912 563 995 636 ionga
1010 571 1130 619 vetustas

308 652 462 722 interimet,
476 654 619 728 stinguens
628 657 667 722 (t)
681 654 813 727 praeciara
825 652 945 726 iusignia
959 653 1032 709 coeii.

966 742 1056 804 erno,
1069 743 1101 804 x,
1117 744 1216 810 περι

232 951 283 1016 ¹9·
303 924 345 991 Oi
358 926 413 1020 μὶν
432 930 516 1018 ὁμῶς
539 926 647 1005 πολέες
663 951 698 994 τε
714 925 767 994 καὶ
786 916 913 1004 ἅλλυθις
934 921 1023 993 ἄλλοι
1041 925 1138 1004 ἐόντες
1158 913 1211 1016 (ο)

308 1053 427 1144 οὐρανῷ
442 1052 587 1119 ἕλκονται
608 1048 703 1118 πάντ’
718 1049 829 1142 ἤματα
847 1050 970 1144 συνεχὲς
989 1049 1068 1118 αἰεί·

198 1198 203 1207 ’
308 1179 405 1236 Cetera
416 1177 546 1236 labuntur
557 1177 640 1235 celeri
653 1177 775 1234 coeiestia
788 1187 864 1235 motu

307 1283 373 1327 cum
386 1269 514 1341 coeioque
527 1268 609 1326 simui
622 1275 771 1341 noctesque
783 1267 897 1342 diesque
910 1266 1049 1327 ieruntur.

844 1357 905 1418 Cio,
919 1355 951 1406 dc
962 1361 1024 1408 Nat.
1039 1363 1123 1418 Decr.‚
1135 1357 1169 1423 ΙΙ,
1185 1362 1229 1411 it.

229 1528 284 1603 ad·
308 1517 374 1587 Καί
388 1543 439 1611 μιν
455 1516 630 1609 περαίνουσι
646 1507 712 1584 θύω
729 1518 822 1585 πολοι
842 1518 1085 1612 ἀμφοτέρωθεν·

310 1768 514 1838 Extremusque
526 1763 596 1823 adeo
609 1764 713 1838 duplici
728 1765 762 1823 de
774 1765 887 1823 cardine
899 1773 993 1824 vertex

309 1853 410 1913 dicitur
419 1870 478 1912 esse
491 1854 583 1928 polus.

556 1961 564 1974 ·
1086 1943 1151 2005 Cio,
1166 1941 1230 1995 ibid.

307 2059 409 2116 Poste.
422 2060 467 2113 ²7.
483 2056 557 2126 Quas
569 2055 655 2114 nostri
666 2064 772 2129 septem
787 2056 862 2113 soliti
875 2056 996 2113 vocitare
1006 2055 1122 2113 Triones
1133 2054 1183 2127 (e).

1084 2145 1150 2206 Cic,
1166 2142 1227 2194 ibid.

230 2295 283 2360 36.
308 2289 371 2360 Καὶ
389 2292 446 2365 τήν
466 2291 520 2382 μὲν
538 2290 736 2386 Κυνόσουραν
753 2291 910 2366 ἐπίκλησιν
926 2292 1100 2375 καλέουσιν,

310 2421 366 2494 τὴν
386 2407 418 2483 θ’
435 2417 539 2510 ἑτέρην
559 2403 688 2491 minuo.

308 2555 347 2609 Ex
362 2553 406 2609 his
419 2553 504 2609 altera
520 2551 593 2625 apud
606 2552 704 2609 Graios
717 2552 858 2625 Cynosura
874 2560 1004 2621 vocatur3

309 2644 395 2701 attera
408 2643 511 2701 dicitur
520 2658 580 2700 esse
591 2642 697 2699 Helice.

1087 2712 1150 2773 cto..
1163 2712 1223 2764 thid.

229 2872 281 2960 39.
303 2870 351 2963 Τῇ
368 2860 398 2934 θ’
415 2862 475 2959 ἄρα
493 2867 629 2945 Φοίνικες
648 2866 768 2934 πίσυνοι
789 2867 921 2959 περόιοσι
944 2864 1122 2932 θάλασσαν·

309 2994 411 3067 ἀλλ’ἢ
432 2993 485 3085 μὲν
502 2991 616 3085 καθαρὴ
636 2992 686 3059 καὶ
702 2991 945 3086 ἐπιφράσσασθαι
962 2991 1075 3082 ἑτοίμη

308 3119 407 3192 πολλὴ
428 3119 607 3210 ραεινομένη
628 3105 724 3190 titire
740 3120 863 3208 repeirri<
878 3117 940 3182 ἀπὸ
954 3115 1086 3193 νυκτός·

311 3247 369 3300 Hac
384 3244 470 3301 fidunt
481 3243 550 3300 duce
564 3253 698 3301 nocturna
712 3243 855 3300 Phoenices
868 3243 897 3297 in
912 3241 967 3299 olto
981 3262 987 3305 ;

308 3333 357 3390 sed
372 3334 447 3405 prior
463 3332 506 3389 iiia
522 3333 609 3406 magis
620 3333 706 3390 steitis
722 3333 851 3388 distincta
863 3330 989 3402 reiuiget,

309 3430 336 3478 et
347 3422 401 3479 iate
411 3423 500 3494 prima
513 3421 658 3479 confestim
671 3439 686 3478 a
699 3430 780 3479 nocte
793 3420 918 3476 videtur:

1254 3582 1355 3598 ..ιο-ιιι·

235 3692 271 3756 (i)
291 3689 411 3747 «Cicero,
437 3689 518 3755 inquit
540 3687 684 3748 Priscianus,
699 3689 725 3738 in
751 3689 824 3739 Arato
844 3689 966 3755 stinguens
990 3689 1118 3755 participio
1131 3705 1190 3739 usus
1204 3700 1243 3741 est
1327 3717 1354 3728 -·

203 3794 215 3819 o
231 3773 282 3824 Etsi
295 3773 368 3838 igitur
382 3772 448 3838 prior
461 3772 534 3838 hujus
552 3773 679 3838 fragmenti
694 3789 783 3832 vorsus,
802 3795 813 3816 u
828 3789 901 3838 quem
915 3791 995 3840 neque
1007 3784 1047 3825 etc
1050 3812 1136 3833 .....
1153 3797 1165 3820 υ
1180 3791 1234 3826 non
1247 3773 1356 3827 conserit

201 3875 258 3909 cum
271 3857 337 3908 Arati
351 3857 438 3915 verbis,
456 3866 538 3907 tamen
552 3858 622 3907 fidem
637 3857 792 3908 tribuendam
804 3857 926 3908 Prisciano
944 3869 1017 3925 atque
1030 3859 1097 3909 hunc
1116 3860 1197 3911 iocum
1210 3876 1226 3911 a
1241 3855 1356 3911 Ciceroni

202 3959 275 3992 manu
290 3941 425 4008 proiectum
437 3957 487 3991 esse
501 3942 586 4007 putavi
598 3963 609 3986 ν
625 3941 718 4006 (Orelli,
734 3946 771 3995 M.
789 3946 819 3992 T.
832 3943 892 4007 Cic,
907 3947 993 4012 Opera,
1012 3945 1058 3993 vol.
1070 3943 1112 4006 lt,
1128 3959 1185 4009 pars
1192 3945 1228 4007 2).

236 4029 272 4093 (2)
290 4028 391 4083 «ἰόντες
406 4051 418 4069 n
431 4027 478 4092 (ed.
493 4027 569 4092 Did).
584 4056 616 4064 -
632 4026 685 4077 Vid.
703 4026 789 4089 orell„
802 4028 849 4077 voi.
864 4026 903 4086 lv,
918 4043 973 4093 pars
987 4031 1012 4087 2,
1026 4042 1080 4094 pag.
1095 4031 1154 4079 519.
1171 4055 1203 4066 ··-
1216 4052 1229 4071 υ
1242 4029 1332 4087 ἐόντες,
1343 4048 1356 4069 ·

201 4111 321 4178 Stephani
333 4110 447 4174 Leeicon,
469 4127 521 4178 pag.
535 4115 575 4162 68.

235 4198 272 4263 (3)
288 4194 345 4245 Vid.
359 4195 433 4246 Oreil.
444 4225 477 4234 -
491 4196 560 4247 Unde
570 4195 743 4263 septemtrion.
766 4194 867 4246 Triones
892 4195 965 4245 bores
985 4205 1042 4245 sunt
1052 4195 1121 4262 quasi
1135 4195 1258 4247 terriones
1270 4194 1356 4263 (Varro

202 4278 233 4329 de
246 4279 319 4348 Ling.
339 4280 454 4340 Lct.,V1‚
472 4284 507 4347 i).
1375 4274 1381 4285 ¹
