2790 4770
617 381 820 445 -1464

136 529 154 604 ἦ
169 529 221 597 καὶ
235 533 251 595 ό
265 537 321 595 τοῦ
336 533 456 596 ταύτοῦ
470 533 581 611 κύκλος
596 535 740 626 εὔτροχος
754 534 794 600 ὢν
815 529 892 598 αὐτὰ
908 531 1040 622 μηνύση,
1054 538 1122 608 νοῦς
1139 533 1297 621 ἐπιστήμη

136 679 169 721 τε
191 645 224 732 ἐξ
246 653 382 748 ἀνάγκης
406 655 607 724 ἀποτελεῖται
610 700 1091 726 ........
1144 667 1161 722 “.
1220 703 1228 719 .
1290 701 1299 718 .

133 931 135 936 ·
190 886 257 966 IX.
286 884 331 974 Εξ
349 894 400 965 οὖν
418 897 511 993 λόγου
529 897 582 966 καὶ
605 891 741 977 διανοίας
757 898 835 966 θεοῦ
848 897 995 974 τοιαύτης
1021 894 1095 988 πρὸς
1113 893 1223 986 χρόνου
1247 897 1302 988 γε’-

137 1049 228 1113 νεσιν,
250 1023 299 1090 ἵνα
313 1024 439 1119 γεννηθῇ
462 1025 582 1119 χρόνος,
607 1028 692 1104 ήλιος
706 1024 759 1126 καὶ
775 1025 885 1100 σελήνη
910 1021 963 1090 καὶ
981 1022 1073 1091 πέντε
1093 1017 1175 1087 ἀλλα
1198 1017 1279 1116 ἀστρ

140 1147 265 1220 ἐπίκλην
281 1148 395 1240 ἔχοντα
409 1147 556 1223 πλανητὰ
570 1149 610 1229 εἰς
628 1141 788 1243 διορισμὸν
803 1149 855 1216 καὶ
874 1145 1013 1240 φυλακήν
1034 1145 1167 1238 ἀριθμῶν
1191 1144 1303 1237 χρόνου

42 1302 45 1307 ’
139 1274 255 1368 γέγονε.
269 1273 410 1365 Σύματα
432 1265 467 1340 δέ
497 1278 757 1343 αὐτῶνιέκάστων
783 1279 912 1351 ποιήσας
933 1277 949 1339 ό
974 1270 1039 1349 θεὸς
1058 1271 1160 1344 έθηκεν
1183 1267 1304 1349 εἰςτὰς

141 1376 318 1489 περιφορὰς,
335 1391 370 1477 ἀς
389 1405 407 1475 ή
426 1399 553 1492 θατέρου
573 1391 717 1492 περίοδος
734 1401 793 1494 ήει,
810 1395 892 1468 ἑπτὰ
912 1393 1003 1475 ούσας
1020 1394 1097 1462 όντα
1121 1392 1224 1463 ἑπτά·
1248 1395 1304 1461 Σε-

140 1524 234 1596 λήνην
254 1523 307 1613 μὲν
324 1521 364 1600 εἰς
380 1524 432 1591 τὸν
445 1525 515 1616 περὶ
532 1535 590 1621 γῆν
607 1536 743 1621 πρῶτον,
762 1506 858 1593 Ιίλιον
875 1514 910 1592 δέ
927 1521 967 1602 εἰς
987 1522 1042 1589 τὸν
1063 1511 1205 1614 δεύτερον
1226 1520 1305 1614 ὑπὲρ

143 1659 212 1742 γῆς,
226 1632 391 1742 Ἑωσφόρον
412 1641 446 1716 δέ
463 1651 582 1719 καὶτὸν
600 1652 674 1746 ἱερὸν
696 1638 801 1748 Ερμοῦ
815 1649 978 1746 λεγόμενον
998 1647 1039 1726 εἰς
1062 1647 1114 1714 τὸν
1138 1645 1226 1738 τάχει
1250 1645 1307 1739 μὲν

143 1764 307 1866 ἐσόδρομον
323 1757 410 1864 Ἡλίῳ
428 1777 537 1844 κύκλον
558 1776 673 1859 ἰόντας,
693 1782 747 1854 τήν
765 1769 796 1844 δ’
814 1777 952 1845 ἐναντίαν
969 1772 1226 1866 ιιληχόταςαύτῷ
1243 1762 1301 1837 δό-

142 1923 253 1992 ναμιν·
279 1899 343 1967 ὅθεν
370 1897 647 1996 καταλαμόοίνουσί
671 1931 703 1971 τε
730 1901 781 1971 καὶ
811 1894 1120 2001 καταλαμόάνονται
1137 1897 1188 1964 καὶ
1217 1895 1305 1965 κατὰ

143 2022 245 2092 ταύτὰ
267 2029 317 2094 ὑπ’
336 2025 477 2101 ἀλλήλοιν
505 2008 601 2109 θλιός
615 2056 651 2097 τε
677 2031 729 2097 καὶ
747 2034 763 2096 ό
781 2038 838 2097 τοῦ
858 2014 965 2121 Ερμοῦ
980 2025 1032 2092 καὶ
1052 2009 1226 2116 Εωσφόρος.
1248 2020 1301 2091 Τὰ

145 2142 176 2216 δ’
191 2146 272 2218 ἀλλα
287 2147 315 2218 οἷ
334 2144 373 2227 δή
401 2151 452 2219 καὶ
469 2146 511 2221 δι’
531 2153 567 2234 ἃς
586 2154 685 2235 αἰτίας
709 2147 870 2250 ἱδρύσατο,
895 2151 922 2220 εί
940 2178 986 2230 τις
1008 2143 1120 2228 ἐπεξίοι
1144 2147 1260 2234 παίσας,
1287 2153 1304 2216 ό

143 2275 237 2369 λόγος
259 2276 408 2371 πόρεργος
436 2279 475 2347 ὢν
500 2282 591 2349 πλέον
618 2276 654 2348 ἀν
687 2278 839 2375 ἔργονῶν
866 2281 954 2346 ἕνεκα
979 2277 1104 2369 λέγεται
1134 2272 1303 2366 παράσχοι.

146 2404 254 2468 Ταῦτα
271 2401 324 2494 μὲν
343 2399 393 2470 οὖν
413 2404 486 2484 ἴσως
506 2406 577 2502 τοίγ’
600 2402 635 2473 ἀν
654 2404 738 2474 κατὰ
756 2409 870 2498 σχολήν
885 2407 1011 2494 ὕστερον
1032 2410 1089 2478 τῆς
1108 2392 1196 2476 ἀξίας
1214 2399 1307 2490 τύχοι

147 2514 334 2620 διηγήσεως·
353 2521 459 2602 ἐπειδὴ
478 2519 513 2595 δὲ
526 2526 576 2597 οῦν
598 2529 638 2610 εἰς
653 2535 706 2608 τήν
720 2535 823 2616 ἐαυτῷ
836 2530 1013 2624 πρέπουσαν
1029 2526 1157 2590 ἕκαστον
1177 2521 1306 2615 ἀφίκετο

148 2646 241 2745 φορὰν
262 2662 323 2720 τῶν
338 2654 395 2719 όσα
416 2646 477 2720 ἔδει
495 2649 769 2751 Ευναπεργάἶεσθοιι
797 2655 920 2748 χρόνον,
940 2643 1067 2744 θεσμοῖς
1096 2672 1131 2715 τε
1156 2643 1307 2740 ἐμψύχοις

147 2779 280 2870 σώματα
300 2768 427 2846 δεθέντα
444 2772 507 2868 ζῷα
530 2780 669 2875 ἐγεννήθη
694 2781 731 2848 τό
756 2807 790 2849 τε
812 2777 1007 2874 προσταχθὲν
1033 2773 1137 2865 ἔμαθε,
1159 2766 1242 2838 κατὰ
1267 2760 1307 2844 δή

148 2904 203 2976 τὴν
219 2901 344 2997 θατέρου
362 2903 455 2998 φορὰν
474 2906 606 3000 πλαγίαν
621 2902 726 2989 οὖσαν,
743 2899 795 2972 διὰ
817 2914 873 2983 τῆς
895 2906 1011 2970 ταύτοῦ
1031 2901 1127 2990 φοραῖς
1148 2893 1250 2973 ἰούσης
1275 2919 1309 2962 τε

148 3025 201 3092 καὶ
215 3032 434 3121 κρατουμένης,
451 3031 487 3097 τὸ
506 3031 560 3123 μὲν
581 3025 703 3124 μείζονα
722 3037 839 3116 αὐτῶν,
861 3031 898 3097 τὸ
924 3020 953 3094 δ’
976 3024 1099 3094 ελάττω
1116 3023 1228 3090 κύκλον
1251 3018 1310 3106 ἐὸν,
1346 3012 1349 3017 ’

148 3151 258 3218 θάττον
273 3154 326 3243 μὲν
347 3151 389 3220 τά
409 3156 461 3221 τὸν
477 3155 608 3242 ἐλάττω,
633 3155 675 3224 τὰ
700 3148 734 3224 δὲ
750 3157 818 3225 -τὸν
843 3146 935 3247 μείζω
955 3141 1145 3246 βραδύτερον
1173 3147 1307 3239 περιήει·

146 3285 185 3369 τῇ
210 3267 245 3342 δὲ
273 3282 384 3346 ταύτοῦ
410 3285 489 3375 φορᾷ
518 3278 558 3348 τά
591 3266 726 3374 τάχιστα
751 3282 909 3377 περιιόντα
937 3278 996 3346 ὑπὸ
1027 3286 1089 3342 τῶν
1119 3261 1309 3367 βραδύτερον

149 3402 256 3470 ἰόντων
288 3404 426 3496 ἐφαίνετο
448 3405 734 3502 καταλαμόάνοντα
757 3401 1067 3498 καταλαμύάνισθαι.
1098 3398 1224 3476 Πάντας
1250 3395 1310 3492 γὰρ

150 3531 222 3605 ’τοὺς
236 3530 364 3610 κύκλους
384 3535 484 3600 αὐτῶν
500 3535 674 3629 στρέφουσα
693 3538 792 3621 ἕλικα,
814 3524 867 3599 διὰ
886 3529 923 3599 τό
940 3520 1013 3622 διχῆ
1029 3523 1111 3595 κατὰ
1129 3519 1170 3591 τά
1185 3520 1313 3591 ἐναντία

100 3750 106 3759 1
150 3656 215 3748 ἅμα
237 3661 385 3752 προϊέναι,
408 3662 443 3730 τὸ
464 3653 650 3754 βραδύτατα
669 3661 759 3729 ἀπιὸν
784 3662 835 3750 ἀφ’
862 3665 958 3738 αὑτῆς
978 3656 1070 3736 οόσης
1089 3650 1240 3746 ταχίστης
1259 3651 1312 3744 ἐγ·

149 3783 273 3876 γύτοτα
291 3784 465 3876 ἀπέφαινεν.
486 3768 540 3852 ίνα
557 3777 587 3852 δ’
607 3786 650 3860 εἴη
673 3790 783 3880 μέτρον
799 3788 925 3880 ἐναργές
945 3809 977 3852 τι
991 3782 1068 3874 πρὸς
1089 3774 1213 3852 ἄλληλα
1234 3779 1313 3869 βρα-

151 3898 264 3982 δύτητι
287 3909 339 3976 καὶ
359 3909 448 4002 τάχει
466 3911 519 3979 καὶ
547 3907 586 3978 τὰ
605 3908 675 4004 περὶ
697 3911 754 3990 τὰς
781 3914 865 3980 ὀκτὼ
886 3908 981 4003 φορὰς
1009 3907 1183 4000 πορεύοιτο,
1213 3909 1277 3992 φῶς
1297 3903 1313 3965 ὁ

150 4027 216 4112 θεὸς
232 4031 345 4124 ἀνῆψεν
361 4038 390 4102 ἐν
412 4047 451 4131 τῇ
467 4037 541 4130 πρὸς
560 4047 616 4130 γῆς
633 4029 764 4128 δευτέρα
779 4044 839 4103 τῶν
856 4024 1021 4128 περιόδων,
1039 4026 1055 4096 ὃ
1074 4020 1114 4101 δὴ
1130 4034 1181 4093 νῦν
1203 4022 1314 4094 κεκλό·

150 4183 245 4250 καμεν
266 4143 374 4248 ίίλιον,
389 4162 438 4228 ἵνα
458 4163 508 4227 ότι
528 4159 664 4251 μάλιστα
688 4159 728 4240 εἰς
749 4162 875 4230 ἅπαντα
893 4160 994 4253 φαίνοι
1013 4157 1075 4236 τὸν
1094 4149 1234 4248 οὐρανὸν,
1257 4168 1313 4238 με·

150 4283 263 4378 τάσχοι
278 4312 313 4353 τε
331 4287 458 4383 ἀριθμοῦ
482 4283 523 4354 τὰ
543 4280 617 4377 ζῷα,
646 4288 727 4367 όσοις
746 4283 781 4360 ἦν
802 4295 969 4381 προσῆκον,
987 4278 1127 4371 μαθόντα
1143 4271 1231 4368 παρὰ
1255 4281 1312 4349 τῆς

151 4413 270 4479 ταύτοῦ
284 4413 336 4480 καὶ
355 4413 461 4508 ὁμοίου
482 4414 659 4506 περιφοραῖς.
683 4405 751 4490 Νὺξ
766 4413 819 4503 μὲν
839 4407 890 4480 οὖν
908 4411 1009 4504 ήμέρα
1026 4433 1062 4475 τε
1078 4407 1200 4502 γέγονεν
1214 4399 1315 4473 οὕτως
