2790 4770
418 287 731 366 fi-rrs-

96 427 232 488 Omnem
260 424 356 507 igitur
380 426 568 488 memoriam
588 442 779 504 rerumquae
795 428 944 506 leguntur
963 429 1047 508 apud
1064 433 1125 491 tres
1144 427 1215 490 illos

57 533 239 614 philologos
272 532 460 598 brevissime
489 534 674 612 complexus
704 551 786 611 sum,
818 552 859 597 ne
887 534 951 614 cui,
976 553 1130 617 quorsum
1149 536 1216 600 haec

58 643 178 722 scripta
205 644 410 722 pertinerent,
441 659 569 721 prorsus
594 647 675 704 esset
690 642 845 722 ignotum.
875 643 1021 716 Quamvis
1039 645 1091 707 isti
1114 645 1216 708 multa

58 750 274 831 exposuerint,
290 770 361 832 quae
374 757 498 815 certum
512 752 551 813 ad
574 751 813 831 dijudicandam
834 752 925 816 litem
945 754 1107 833 praebeant
1126 755 1216 836 adju·

56 862 213 932 mentum,
228 876 310 920 unus
331 863 434 920 tamen
448 859 510 920 hoc
534 859 567 919 in
584 856 692 920 animo
706 858 818 921 habuit
832 865 868 922 ut
883 859 1015 923 curiosis
1026 861 1215 924 hominibus

58 983 189 1028 omnem
203 965 435 1029 dubitationem
456 968 594 1030 tolleret.

98 1077 134 1138 ln
150 1092 187 1138 ea
216 1073 347 1155 quidem
374 1080 442 1138 arte
469 1074 607 1138 scienter
628 1080 769 1138 versatur
785 1075 855 1151 ille3
883 1078 937 1139 sed
962 1082 1049 1161 recta
1069 1080 1216 1158 quaedam

58 1184 164 1247 verbis
187 1187 281 1264 auget
302 1187 357 1244 aut
377 1183 510 1246 minime
528 1183 706 1263 probabiles
733 1183 933 1262 conjecturas
955 1183 1044 1266 lacit·
1073 1185 1216 1249 Primum

58 1287 213 1352 dissentio
236 1288 276 1352 ab
302 1289 356 1352 illo
373 1290 551 1354 affirmante
576 1308 673 1370 penes
697 1295 864 1353 accentum
886 1310 1011 1373 semper
1037 1292 1218 1374 linguarum

59 1399 157 1460 fuisse
171 1397 437 1476 dominationem.
457 1399 634 1462 Ludovicus
654 1400 802 1464 Benloew
817 1418 946 1481 prorsus
958 1403 997 1463 ad
1014 1419 1124 1465 verum
1139 1403 1219 1465 mihi

59 1506 186 1568 videtur
210 1506 375 1581 accedere,
406 1524 504 1586 quum
528 1505 620 1586 ponit
640 1523 708 1569 esse
734 1506 797 1569 duo
831 1509 988 1571 elementa
1011 1511 1105 1589 longe
1125 1509 1217 1573 dissi-

60 1612 149 1675 milia
167 1612 281 1692 prisois
300 1612 335 1673 in
348 1611 549 1675 sermonibus
567 1612 617 1693 (l),
642 1619 810 1677 accentum
827 1620 859 1678 et
882 1616 1077 1696 prosodiam.

99 1723 216 1783 Utrum
229 1720 263 1781 in
278 1737 347 1782 eam
363 1719 555 1781 sententiam
567 1721 824 1782 concurrendum
845 1720 897 1797 sit,
911 1738 952 1782 an
968 1722 1221 1786 enuntiationem

62 1829 160 1906 illam,
182 1827 381 1891 correctione
410 1824 549 1906 quadam
570 1825 725 1903 adhibita,
753 1828 884 1890 laudare
910 1834 1066 1907 oporteat,
1090 1829 1152 1891 hoc
1171 1829 1221 1910 ju·

61 1936 235 2001 dicandum
262 1955 280 1997 a
307 1933 506 1998 doctioribus
534 1931 680 2013 relinquo
710 1951 807 1996 :rem
838 1935 991 1998 dirimant
1020 1939 1138 2000 eruditi
1162 1938 1221 2001 ho·

62 2047 175 2122 mines,
191 2044 246 2125 qui
259 2044 325 2107 fere
348 2061 459 2106 omnes
481 2045 617 2136 Europa
642 2041 789 2122 Asiaeque
807 2043 928 2123 linguas
956 2049 1077 2108 teuent.
1101 2048 1135 2108 ld
1150 2052 1220 2109 tan·

61 2161 130 2219 tum
146 2155 314 2235 expediam
339 2154 424 2235 quod
452 2153 530 2215 mihi
553 2151 657 2232 injicit
682 2150 773 2226 ratio,
801 2151 971 2232 disciplina
994 2152 1041 2215 rei
1065 2155 1216 2234 metrice,

60 2262 143 2325 heut
157 2278 271 2340 parum
288 2260 441 2322 instructa
453 2277 491 2322 ac
504 2259 637 2322 munita.

105 2392 121 2429 o
138 2368 289 2433 Omnium
302 2368 537 2450 longitudinum
559 2373 592 2430 et
605 2367 797 2430 brevitatum
810 2367 843 2428 in
862 2368 959 2443 sonis,
975 2368 1080 2450 inquit
1096 2372 1217 2450 dicero,

66 2501 81 2538 o
96 2480 180 2542 sicut
194 2482 358 2540 acutarum
373 2476 579 2557 graviumque
597 2493 723 2552 vocum,
736 2475 896 2555 judicium
915 2474 983 2555 ipsa
996 2481 1108 2539 natura
1122 2477 1155 2539 iu
1169 2497 1222 2540 au-

66 2607 80 2642 «
95 2585 185 2648 ribus
204 2585 320 2646 nostris
337 2583 504 2647 collocavit
528 2583 608 2665 (tta
636 2585 763 2646 —Esse
787 2601 861 2664 ergo
886 2582 918 2645 iu
933 2584 1035 2647 verbis
1051 2603 1220 2649 numerum

60 2695 247 2775 quemdam,
275 2711 339 2754 non
365 2691 424 2755 fuit
448 2692 577 2755 difficile
603 2709 795 2772 cognoscere
817 2692 864 2753 vel
881 2693 1060 2757 recentibus
1079 2696 1216 2776 populis,

60 2817 163 2881 quum
189 2817 284 2861 nemo
313 2799 410 2861 ullam
443 2797 618 2861 orationem
651 2796 744 2860 sciret
774 2797 950 2859 litterarum
983 2798 1066 2860 notis
1097 2818 1218 2864 servare

59 2909 251 2990 posteritati.
279 2909 338 2973 Ubi
355 2908 505 2988 primum,
532 2912 656 2986 reperta
670 2904 839 2985 scriptura,
854 2912 1000 2970 auctores
1015 2925 1110 2986 opera
1127 2908 1218 2971 char-

58 3017 101 3081 tis
115 3019 267 3079 mandare
284 3021 458 3096 creperum,
479 3015 675 3077 intellectum
694 3020 741 3075 est
755 3010 907 3093 quantum
924 3032 1053 3076 necesse
1078 3021 1158 3079 esset
1182 3023 1217 3080 ut

59 3306 223 3368 Ciceronem,
247 3304 480 3371 Quintilianumque.
509 3303 567 3367 Quis
589 3303 685 3354 enima
710 3303 742 3355 tl.
756 3302 837 3354 Tullio
856 3302 908 3354 haec
928 3302 1048 3354 scribente
1064 3301 1217 3355 dissentiret.

61 3414 74 3439 a
88 3393 170 3444 Aures
186 3392 223 3444 rel
244 3390 339 3444 animus
355 3391 450 3442 aurium
463 3388 550 3440 nuntio
566 3389 702 3440 naturalem
714 3389 844 3454 quamdam
858 3388 884 3437 in
897 3404 923 3438 se
934 3388 1045 3438 continet
1063 3404 1150 3439 vocum
1164 3405 1217 3438 om·

59 3504 74 3528 ι
92 3480 164 3530 nium
180 3478 336 3529 mensionem.
350 3476 433 3542 Itaque
444 3483 469 3525 et
482 3473 590 3540 longiora
599 3482 624 3523 et
633 3473 744 3523 breviora
753 3473 875 3539 judicat...
890 3473 989 3524 Poetics
999 3482 1024 3524 et
1033 3489 1116 3524 versus
1130 3473 1215 3525 iuven·

58 3590 73 3613 n
93 3578 135 3619 tus
149 3575 185 3616 cst
199 3562 368 3616 terminatione
380 3561 486 3619 aurium,
501 3558 667 3609 observatione
680 3557 889 3625 prudentium.....
906 3579 918 3602 υ
929 3557 993 3622 (Cic.
1012 3562 1082 3610 Orat.
1095 3575 1151 3626 cap.
1166 3564 1217 3626 53).

59 3654 97 3703 Ex
116 3651 188 3702 eoB.
212 3650 330 3700 tullianus
346 3646 436 3713 colligit
457 3653 563 3715 metrum
578 3642 645 3694 haud
658 3644 692 3694 ita
703 3642 805 3711 pridem,
819 3642 839 3692 si
856 3659 946 3706 versus,
970 3644 1100 3709 adjuvante
1118 3654 1216 3706 natura,

57 3736 121 3788 editi
135 3712 306 3802 antiquitatem
319 3732 439 3800 respicias,
455 3729 486 3783 ab
498 3729 599 3780 eruditis
612 3729 686 3779 inisse
699 3739 835 3795 repertum:
850 3727 968 3779 exstitisse
981 3728 1052 3795 leges,
1070 3731 1159 3796 quibus
1172 3748 1216 3799 pa·

57 3840 115 3875 rere
125 3837 222 3873 necesse
235 3830 305 3882 esset,
321 3829 349 3870 ut
359 3835 420 3886 pura
431 3827 456 3868 et
469 3815 742 3868 emendatadirerentur
755 3815 863 3865 carmina
873 3829 880 3874 3
892 3814 1062 3865 discernendas
1072 3833 1123 3868 esse
1133 3836 1218 3868 ceram

56 3908 157 3962 numeri
171 3907 332 3974 quantitatem
341 3903 521 3972 etprosodiam3
538 3902 609 3953 istam
618 3900 722 3968 denique
730 3901 808 3951 multo
817 3899 892 3951 serius
903 3900 1028 3952 iuvenum
1036 3901 1097 3952 nihil
1105 3905 1136 3954 ed
1146 3904 1219 3955 verba

57 3993 243 4066 pronuntianda
260 3991 374 4042 valuisse:
386 3990 443 4040 iude
458 3988 511 4040 lieri
526 3998 554 4040 ut
572 3987 644 4049 olim,
664 4003 715 4036 non
730 4001 797 4036 secus
811 3996 885 4052 atque
903 3984 985 4048 hodie,
1001 4002 1075 4053 penes
1091 3999 1219 4040 accentum

57 4081 136 4135 tuerit
146 4089 171 4130 et
179 4080 219 4146 jos
231 4086 256 4128 et
266 4092 351 4128 norma
364 4090 509 4126 sermonum.

93 4167 130 4234 (1)
149 4162 243 4214 Priseos
257 4161 327 4221 dico,
341 4175 391 4210 non
404 4158 568 4228 primigenios.
587 4159 650 4209 Nam
664 4158 695 4208 de
708 4155 860 4208 sermonibus
871 4155 922 4223 jam
935 4165 988 4207 arte
999 4164 1024 4207 et
1038 4156 1149 4210 doctum
1162 4175 1219 4226 per·

55 4251 131 4305 tectis
144 4249 253 4317 loquitur
264 4247 293 4299 L.
306 4245 426 4296 mnoew.

93 4337 131 4404 (2)
151 4334 203 4389 cie.
216 4337 282 4387 Orat,
299 4345 355 4397 cap.
371 4332 411 4381 51.
