2790 4770
631 273 826 338 -tet-

151 449 249 492 σαντα
265 418 299 494 δὲ
315 439 413 496 ταῦτα
430 430 483 496 τὸν
507 431 603 520 Κῦρον
627 426 754 502 ἡσθῆναί
772 453 806 494 τε
824 425 875 493 καὶ
902 424 993 493 εἰπεῖν
1009 451 1015 466 ·
1038 451 1051 476 ε
1065 429 1177 491 Ταῦτα
1194 425 1305 505 τοίνυν,

152 543 360 645 ὦΛιίσανδρε,
376 556 435 649 ἐγὼ
452 552 555 622 πάντα
568 553 620 620 καὶ
637 543 824 644 διεμέτρησα
840 549 892 617 καὶ
907 540 1050 627 διέταξα·
1067 549 1134 616 ἔστι
1148 539 1177 613 δ’
1187 550 1304 632 αὐτῶν,

152 672 255 764 φαίναι,
271 671 291 742 ἃ
310 676 361 742 καὶ
373 677 527 770 ’ἐφύτευσα
544 679 645 756 αὐτός.
659 704 670 728 ‘¹
684 674 746 745 Καὶ
761 667 965 770 ὁΑιίσανδρσς
985 677 1055 768 ἔφη,
1071 669 1251 770 ἀπυίλίψας
1265 671 1304 750 εἰς

152 801 258 885 αὐτὸν,
277 802 329 868 καὶ
347 791 418 869 idtio
434 813 495 869 τῶν
521 828 553 869 τε
574 800 702 896 ἱματίων
721 801 757 867 τὸ
775 801 887 880 καλλος
906 797 946 866 ὧν
965 794 1038 893 εἶχε,
1056 800 1107 867 καὶ
1134 808 1189 877 τῆς
1209 801 1305 888 ὀσμῆς

152 924 337 1016 αἰσθόμενος,
355 929 407 996 καὶ
423 904 484 995 τῶν
511 938 666 1023 στρεπτῶν
685 932 736 995 καὶ
755 937 816 994 τῶν
833 923 963 1017 ψελλίων
989 927 1026 994 τὸ
1046 926 1159 1002 >codiee
1179 925 1231 992 καὶ
1250 932 1306 988 τοῦ

152 1039 245 1116 ἄλλαν
261 1052 378 1145 κίσμυυ
396 1051 430 1119 οὗ
448 1048 537 1147 εἶχεν,
549 1053 639 1120 εἰπεῖν
655 1077 661 1092 ·
678 1080 689 1104 e
704 1049 864 1146 Τίλέγεις,
883 1051 986 1143 φάναι,
1001 1048 1025 1116 ὦ
1043 1055 1141 1143 Κῶρε;
1159 1046 1178 1123 ἧ
1195 1045 1254 1142 γὰρ
1269 1046 1305 1112 σὺ

102 1200 104 1205 ·
151 1178 216 1250 ταῖς
229 1180 294 1250 σαῖς
309 1174 393 1267 χερσὶ
408 1177 522 1241 τυιίτων
542 1174 570 1241 τὶ
585 1177 770 1266 ἐφύτευσας,
786 1201 798 1226 r
819 1173 870 1241 καὶ
883 1175 935 1254 τὸν
948 1181 1049 1265 Κῶρσν
1062 1169 1306 1265 ἀποκρίνασθαι·

152 1331 163 1354 ι
181 1291 353 1386 Θαυμαζεις
368 1310 473 1383 τοῦτο,
486 1301 553 1390 ἔφη,
571 1297 595 1365 ὦ
614 1293 791 1395 Λύσανδρες
809 1285 933 1392 ὄμνυμί
947 1325 995 1366 σοι
1013 1299 1062 1365 τδν
1084 1298 1216 1387 Μίθρην,
1232 1299 1310 1363 ὅταν

160 1445 215 1511 περ
232 1421 425 1514 ὑγιαίνω,μή
445 1425 573 1491 πώποτε
584 1415 756 1510 δειπνῆσαι,
775 1426 844 1515 πρὶν
865 1416 1003 1516 ἱδρῶσαι,
1019 1420 1037 1496 ἢ
1055 1433 1116 1488 τῶν
1132 1426 1309 1511 πολεμικῶν

152 1570 184 1610 τι
196 1543 214 1618 ἢ
227 1554 288 1612 τῶν
299 1559 472 1640 γεωργικῶν
484 1549 579 1641 ἔργων
596 1554 744 1641 μελετῶν,
760 1550 779 1625 ἢ
792 1549 837 1616 ἀεὶ
853 1545 903 1616 οὖν
918 1549 954 1642 γέ
967 1575 999 1614 τι
1014 1547 1280 1638 φιλοτιμούμενος.
1297 1564 1310 1588 ·

155 1671 216 1736 Καὶ
237 1671 327 1750 αὐτὸς
342 1671 462 1764 μέντοι,
479 1675 535 1766 ἔφη
564 1680 579 1741 ὁ
601 1665 789 1768 Λύσανδρος,
813 1676 944 1753 ἀκούσας
966 1683 1081 1757 ταῦτα,
1102 1662 1310 1752 δεξιώσασθαί

153 1823 187 1865 τε
202 1799 293 1866 αὐτὸν
313 1800 365 1866 καὶ
385 1797 495 1867 εἰπεῖν·
525 1800 681 1878 «Δικαίως
701 1827 752 1893 μυι
771 1791 884 1884 δοκεῖς,
911 1801 979 1892 ἔφη,
1000 1795 1025 1864 ὦ
1044 1802 1140 1889 Κῦρε,
1154 1787 1309 1887 εὐδαίμων

150 1919 245 1990 εἶναι·
263 1924 375 2018 ἀγαθὸς
392 1924 451 2019 γὰρ
468 1933 508 1992 ὢν
529 1928 603 2018 ἀνὴρ
624 1918 822 2016 εὐδαιμονεῖς.
842 1948 855 1972 l

189 2133 276 2201 Atque
289 2137 320 2184 ut
334 2128 495 2203 intelligatis
507 2129 573 2185 nilril
591 2130 615 2185 ei
627 2127 830 2200 (Xenophonti)
845 2137 901 2185 tam
918 2129 1008 2201 regale
1025 2128 1125 2194 videri,
1144 2145 1228 2202 quam
1248 2137 1313 2184 stu-

150 2219 228 2276 dium
240 2219 298 2291 agri
308 2217 427 2290 colendi,
442 2219 455 2272 d
463 2221 565 2292 Cyrum
575 2220 725 2286 minorem,
734 2235 829 2292 regem
838 2220 994 2286 Persarum,
1007 2226 1183 2290 praestantem
1195 2217 1311 2290 ingenio

150 2315 232 2379 atque
244 2305 351 2378 imperii
368 2307 465 2379 gloria,
480 2325 566 2382 quum
578 2307 720 2382 Lysander
735 2307 979 2374 Lacedaemonius,
998 2308 1037 2362 vir
1052 2322 1170 2363 summae
1185 2307 1310 2377 virtutis,

152 2394 271 2452 venisset
284 2394 320 2452 ad
335 2412 399 2452 eum
416 2397 525 2467 Sardis,
541 2400 618 2473 eique
636 2398 710 2454 dona
728 2414 743 2453 a
759 2396 840 2458 sociis
857 2396 1008 2465 attulisset,
1027 2404 1055 2453 et
1068 2396 1166 2453 ceteris
1180 2395 1207 2451 in
1224 2397 1310 2453 rebus

150 2500 260 2541 comem
273 2502 335 2560 erga
348 2486 524 2562 Lysandrum
534 2486 778 2560 atquehumanum
791 2485 887 2555 luisse,
900 2494 928 2541 et
942 2485 967 2541 ei
976 2483 1127 2556 quemdam
1140 2492 1308 2557 conseptum

150 2590 248 2646 agrum
265 2574 410 2648 diligenter
423 2576 561 2632 consitum
572 2571 734 2632 ostendisse.
751 2579 843 2648 Quum
853 2582 949 2631 autem
962 2573 1147 2639 admiraretur
1159 2573 1307 2646 Lysander

147 2671 175 2720 et
191 2665 367 2736 proceritates
381 2667 527 2735 arborum,
540 2676 568 2722 et
582 2666 699 2721 directos
712 2666 741 2720 in
755 2665 942 2736 quincuncem
958 2663 1069 2719 ordines
1082 2671 1111 2718 et
1124 2664 1241 2718 lmmum
1256 2679 1304 2719 su·

147 2753 254 2810 bactani
268 2763 350 2827 atquc
366 2772 481 2828 puram,
495 2762 523 2811 et
543 2755 705 2811 suavitatem
720 2753 855 2822 odorum3
872 2762 930 2809 turn
944 2769 1008 2809 eum
1025 2751 1139 2816 dixisse,
1155 2751 1252 2807 mirari
1276 2767 1308 2808 se

147 2859 203 2899 uon
219 2842 302 2900 modo
318 2844 500 2918 diligentiam,
518 2843 663 2900 sedetiam
678 2842 820 2898 solertiam
836 2842 904 2914 ejuS,
920 2858 1004 2914 aquo
1017 2849 1111 2897 essent
1123 2840 1169 2896 illa
1180 2840 1307 2897 dimensa

147 2940 231 3004 atque
244 2933 398 3007 descripta3
412 2943 440 2990 et
453 2935 478 2990 ei
494 2935 595 3006 Cyrum
610 2931 804 3004 respondisse:
824 2930 928 3004 «Atqui
942 2947 993 3002 ego
1008 2931 1102 2986 orrrnia
1118 2930 1169 2985 ista
1185 2945 1248 2984 sum
1262 2930 1307 2985 di-

148 3037 281 3092 mensus;
297 3025 350 3079 mei
364 3032 429 3080 sunt
444 3022 569 3099 ordinm,
584 3038 646 3078 mea
658 3021 819 3092 descriptio:
835 3021 931 3077 multae
946 3020 1028 3075 etiam
1044 3019 1159 3075 istarum
1175 3019 1307 3075 arborum

148 3128 208 3168 mea
224 3128 309 3167 marin
323 3121 388 3168 sunt
401 3121 476 3168 satae.
491 3135 503 3160 ν
519 3114 589 3167 Tum
602 3110 780 3183 Lysandrum
795 3109 951 3165 intuentem
960 3108 1019 3181 ejus
1034 3124 1203 3181 purpuram,
1220 3115 1248 3163 et
1262 3109 1308 3164 ui·

146 3209 238 3256 torem
264 3202 401 3272 corporis,
426 3207 609 3272 ornatumque
628 3199 773 3255 Persicum
801 3198 887 3254 multo
907 3215 975 3255 auro
997 3198 1146 3270 multisque
1168 3197 1307 3268 gemmis,

146 3288 248 3343 dixisse
263 3307 269 3342 ε
288 3312 298 3334 «
311 3292 397 3344 'Recte
410 3305 475 3344 vero
488 3298 524 3352 te,
538 3293 618 3360 Cyre,
634 3287 746 3343 beatum
759 3287 861 3355 ierunt,
874 3288 1005 3359 quoniam
1018 3285 1111 3342 virtuti
1123 3294 1180 3342 tuae
1194 3283 1307 3341 lortuna

146 3377 294 3450 conjuncta
309 3386 361 3433 est.
376 3402 389 3425 ν

753 3448 818 3507 Cic,
833 3447 864 3496 de
876 3453 1006 3503 Sermonae,
1022 3463 1077 3513 cap.
1094 3445 1167 3497 xvll.

403 3741 568 3807 Xenophontis
583 3741 640 3808 Cyri
653 3740 792 3811 disciplina,
809 3741 851 3790 lib.
866 3739 928 3797 vill,
945 3756 997 3804 cap.
1015 3743 1038 3790 7.

251 3875 297 3939 Οὐ
314 3873 372 3968 γὰρ
392 3865 491 3951 δνῖπυυ
514 3874 607 3943 τυῶτό
622 3902 656 3970 γε
675 3887 778 3966 σαφῶς
795 3867 914 3941 δοκεῖτε
929 3865 1052 3960 εἰδέναι,
1076 3878 1115 3952 ὡς
1135 3865 1224 3942 οὐδέν
1242 3875 1305 3967 εἰμι

143 4003 203 4094 ἐγὼ
220 4000 278 4083 ἔτι,
302 3988 423 4066 ἐπειδὰν
439 4007 493 4064 τοῦ
510 3997 696 4091 ἀνθρωπίνου
716 3999 784 4085 βίου
801 3998 995 4069 τελευτήσω·
1015 3987 1086 4063 οὐδὲ
1103 3997 1162 4091 γὰρ
1183 4008 1234 4064 νῶν
1252 4025 1303 4066 τοι

144 4127 200 4197 τὴν
216 4130 242 4216 γ’
260 4126 332 4215 ἐμὴν
354 4119 453 4213 ψυχὴν
471 4124 598 4215 ἑωρᾶτε,
616 4122 685 4188 ἀλλ’
704 4119 747 4199 οἷς
761 4111 980 4214 διεπράττετο,
1002 4121 1122 4198 τούτοις
1144 4123 1241 4195 αὐτὴν
1258 4130 1301 4200 ὡς

142 4249 233 4316 οὖσαν
249 4250 460 4337 κατεφωρᾶτε.
478 4246 543 4322 Τὰς
560 4238 593 4312 δὲ
611 4258 670 4313 τῶν
689 4240 782 4313 ἄδικα
804 4243 961 4311 παθόντων
980 4241 1079 4334 ψυχὰς
1099 4245 1185 4311 odero
1204 4271 1298 4312 κατε-
