2790 4770
600 351 646 365 -
666 317 732 382 ,123
754 349 801 364 -

119 451 232 512 randas
260 467 328 513 esse
345 448 540 514 calamitates
567 452 762 517 arbitratur:
786 439 899 534 magna
920 451 1004 516 enirn
1021 452 1132 517 solatia
1147 451 1273 515 miseris

118 562 257 626 atterunt
272 562 448 642 voluptates
463 560 517 644 (t).
858 552 860 554 ’

156 670 204 733 Ab
223 672 337 734 eodem
344 671 476 733 adscivit
497 672 651 750 quasdam
666 670 837 734 sententias
849 670 1013 732 Horatius:
1030 686 1081 731 eas
1092 673 1199 732 autem
1214 686 1274 730 un-

119 780 213 859 dique
236 779 367 842 collatas
393 783 459 840 tarn
482 776 643 859 ingeniose
667 777 842 857 conjunxit,
861 782 898 840 ut
915 795 1011 838 unam
1026 795 1063 840 ao
1085 777 1167 840 bene
1187 794 1274 839 com·

118 888 254 967 positam
280 885 473 951 ordinaverit
488 889 652 976 rationem.
682 890 751 951 Non
766 894 886 951 tantum
907 895 1053 952 naturam
1070 889 1272 969 ingeniumve

117 993 271 1074 sequitur,
296 1000 332 1058 ut
357 998 519 1058 Anacreon
539 999 571 1058 et
588 996 730 1071 Alcaeus;
760 1013 898 1076 namque
924 1013 961 1058 ea
988 995 1064 1058 vixit
1089 1001 1272 1078 aetateque

115 1103 179 1182 jam
199 1103 335 1192 societas
361 1104 528 1167 bominum
554 1103 717 1184 inquirens
743 1106 905 1184 quomodo
930 1108 1067 1186 regenda
1091 1114 1172 1170 esset
1196 1106 1270 1184 vita,

119 1212 193 1291 quid
211 1213 303 1289 utile,
318 1213 393 1292 quid
413 1231 488 1290 non,
506 1214 605 1276 varias
621 1215 802 1277 scholarum
817 1216 991 1279 disserebat
1004 1215 1180 1295 opiniones,
1193 1235 1230 1280 ac
1246 1217 1272 1278 si

118 1322 198 1383 torte
222 1323 262 1384 ad
292 1324 419 1385 easdem
447 1342 524 1405 quas
553 1321 654 1386 secuti
681 1330 771 1385 erant
796 1325 928 1404 antiqui,
946 1324 1118 1386 sententias
1132 1328 1271 1386 revorte-

119 1434 215 1504 retur,
232 1426 313 1491 illud
329 1435 401 1508 post
414 1432 524 1512 longas
541 1432 770 1510 disputationes
792 1449 830 1493 ex
848 1432 1001 1495 arbitratu
1015 1451 1072 1495 suo
1086 1432 1210 1512 agebat.

156 1537 252 1617 Cujus
284 1555 359 1599 vero
385 1538 503 1601 scholae
532 1545 615 1602 esset
633 1540 791 1616 Horatius,
812 1558 831 1602 a
848 1539 993 1619 plurimis
1011 1538 1180 1621 quaesitum
1196 1543 1244 1600 est
1263 1556 1271 1600 z

117 1647 183 1709 fere
197 1664 310 1709 omnes
325 1665 432 1709 eum«
457 1647 584 1729 Epicuri
605 1649 644 1711 de
668 1667 762 1729 grege
787 1668 923 1729 porcum
943 1673 957 1709 n
977 1649 1025 1730 (ut
1036 1647 1104 1729 ipse
1119 1666 1151 1710 se
1168 1647 1272 1727 ipsum

114 1753 224 1832 jocose
238 1752 417 1833 appellavit)
441 1754 538 1816 fuisse
553 1755 710 1818 dixerunt.
733 1755 815 1828 Quin
830 1756 936 1835 potius
950 1753 998 1816 illi
1017 1754 1111 1818 iidem
1126 1754 1273 1815 addimus

118 1860 187 1922 haec
204 1863 327 1921 remoto
343 1859 418 1938 joco
430 1861 615 1938 profitenti:

224 2076 267 2131 Ac
277 2089 314 2131 ne
325 2072 394 2133 forte
405 2090 486 2150 roges
497 2090 552 2149 quo
564 2089 609 2132 me
621 2074 701 2148 duce,
715 2089 770 2147 quo
780 2076 853 2132 Lare
863 2080 948 2142 tuter,

227 2163 332 2220 nuttios
344 2163 470 2222 addictus
477 2163 573 2238 jurare
584 2163 613 2221 in
625 2163 707 2220 rerba
719 2161 845 2236 magistri
858 2160 912 2234 (ψ

122 2374 280 2436 Hactenus
296 2374 453 2452 depecta,
468 2371 598 2454 quicum
615 2371 860 2435 familiarissime
875 2369 978 2434 vivere
997 2371 1078 2432 adeo
1098 2369 1275 2450 iucundum

122 2485 180 2555 est,
211 2486 248 2543 ut
272 2497 345 2543 eum
374 2497 541 2543 numerare
567 2481 703 2543 audeam
731 2478 815 2542 inter
843 2478 924 2554 illos,
954 2480 993 2540 de
1020 2478 1135 2559 quibus
1166 2479 1275 2541 Cicero

121 2589 269 2671 scripsit:
291 2590 485 2653 «Nobiscum
500 2597 698 2670 pernoctant,
713 2591 914 2663 rusticantur,
935 2589 1178 2668 peregrinantur
1189 2588 1241 2669 (3).
1257 2610 1272 2646 n

164 2705 207 2764 Ut
229 2700 336 2764 omnia
349 2701 436 2764 brevi
452 2703 657 2781 complectar,
672 2699 821 2780 Virgilius
838 2698 878 2779 (t)
898 2699 1118 2779 Horatiusque,
1135 2698 1277 2779 quamvis

125 2808 226 2871 motta
243 2826 260 2871 e
278 2810 394 2872 Graecis
413 2809 649 2889 assumpserint,
664 2827 738 2871 vere
753 2807 887 2871 Romani
903 2807 1090 2869 exstiterunt
1102 2813 1220 2887 poetae;
1246 2812 1279 2868 et

125 2914 223 2978 iidem
246 2935 314 2979 rem
337 2918 502 2980 metricam
518 2917 704 2997 poesirnque
722 2916 761 2978 ad
776 2931 937 2976 summum
952 2913 1030 2974 illud
1049 2929 1178 2974 evexere
1192 2913 1279 2974 tasti-

125 3020 226 3102 gium,
240 3021 294 3083 ubi
309 3021 395 3101 ipsae,
410 3023 469 3083 nisi
485 3023 704 3098 consisterent,
724 3039 850 3084 necesse
866 3026 933 3083 erat
954 3017 1037 3082 utin
1052 3036 1193 3100 praeceps
1209 3036 1279 3099 age·

125 3135 246 3193 rentur.
272 3130 512 3193 Monumentum
532 3132 661 3193 tandem
685 3146 816 3209 exegere
842 3145 904 3190 aere
928 3124 1109 3206 perennius.
1128 3125 1186 3199 Qui
1202 3141 1278 3186 vero

125 3239 172 3300 illi
185 3243 257 3301 sunt
278 3237 425 3319 aquibus
441 3238 572 3302 materia
591 3237 695 3301 omnis
708 3239 843 3301 collecta
863 3238 934 3313 mit,
952 3235 1011 3298 nisi
1028 3241 1147 3298 veteres
1161 3240 1276 3315 poetae,

125 3348 187 3411 nisi
205 3346 314 3410 Cicero
336 3348 414 3426 ipse,
435 3347 490 3430 qui
506 3353 554 3411 tot
575 3348 679 3424 verba,
696 3353 744 3410 tot
760 3347 989 3411 sententiarum
1012 3345 1279 3408 conformationes

159 3744 197 3809 (1)
413 3743 450 3793 Οὐ
462 3743 509 3809 χρὴ
523 3743 624 3793 κακοῖσι
638 3741 714 3806 θυμὸν
728 3741 881 3810 ἐπιτρέπειν·

406 3826 568 3893 προκόψομεν
583 3826 630 3893 γὰρ
645 3826 715 3878 οὐδὲν
730 3826 862 3891 ἀσάμενοι·

407 3907 427 3960 ὦ
441 3911 532 3978 Βάκχε,
548 3911 678 3977 φάρμακον
689 3911 710 3961 δ’
725 3909 827 3979 ἄριστον

408 3989 475 4048 οῐνον
487 3996 653 4061 ἐνεικαμένοις
663 3981 796 4062 μιθνσθῆν.

705 4082 758 4134 Alc.
773 4087 868 4151 Fragm.
882 4077 914 4147 γ’.

158 4174 196 4239 (2)
213 4171 285 4233 Hor,
298 4168 378 4240 Epist.
390 4168 410 4232 Ι,
428 4173 451 4232 l,
470 4172 510 4222 1³.

158 4260 195 4325 (3)
213 4256 266 4308 cto.
279 4252 357 4308 Aret.
373 4258 398 4308 ἵ.

158 4341 195 4410 (t)
211 4339 320 4392 Hectob.
335 4340 436 4393 Satura.
451 4341 482 4404 tt,
498 4345 513 4394 3
527 4341 568 4409 (de
577 4341 677 4394 diversis
690 4341 787 4410 Virgilii
800 4342 861 4394 iocis
871 4357 902 4394 cx
914 4342 1031 4394 Homeros
1042 4339 1181 4407 uaductis).
