2790 4770
564 325 743 384 ..21-

74 460 260 524 Homericas
276 460 432 523 dictiones
449 461 490 540 (l)
506 462 647 524 versibus
662 463 843 525 admiscuit.
862 463 942 534 Quin
963 467 994 524 et
1007 461 1070 524 boo
1084 460 1230 540 Odysseae

74 587 205 633 carmen
213 571 319 651 junxit
334 571 399 633 suis
418 591 425 633 :

184 756 247 823 Καὶ
261 758 355 823 πᾶσιν
371 756 507 821 νεκύεσσι
523 756 789 848 καταφθιμένοισιν
805 755 944 822 ἀνάσσειν
961 741 1024 846 (a).

71 955 115 1014 At
128 969 203 1028 mox
218 950 323 1013 illuxit
333 951 485 1029 praeclara
499 951 552 1011 illa
567 951 697 1012 Caesaris
710 950 844 1029 Augusti
859 957 951 1028 aetas3
967 951 1142 1030 studiisque
1157 967 1234 1012 con·
1311 1024 1314 1031 ¹

71 1058 171 1119 versis
185 1059 281 1137 (quod
296 1075 425 1120 necesse
444 1058 503 1120 fuit
519 1076 620 1138 quum
637 1058 705 1139 jam
721 1058 832 1136 purior
855 1063 886 1119 et
910 1056 1108 1119 emendatior
1123 1058 1234 1133 flueret

72 1168 189 1249 oratio)
203 1169 342 1231 eGraeco
353 1167 441 1229 fonte
457 1168 556 1229 Latini
572 1167 667 1229 verba
679 1167 805 1245 parcius
820 1167 1012 1230 hauserunt:
1032 1166 1128 1228 verba
1143 1168 1230 1241 dico;

71 1295 148 1339 nam
163 1275 190 1337 si
206 1274 435 1355 sententiarum
451 1273 720 1336 conformationes
733 1278 765 1336 et
778 1274 862 1355 ipsas
873 1275 1051 1337 locutiones
1065 1272 1229 1354 respicias,

71 1387 161 1447 nullo
176 1401 252 1446 sane
273 1381 306 1443 in
327 1383 442 1444 saeculo
465 1382 555 1460 plura
577 1381 693 1442 Graecis
715 1383 890 1442 Romanam
911 1382 1058 1460 poeticen
1083 1381 1230 1442 debuisse
1302 1375 1305 1382 '

71 1490 234 1555 fateberis.
251 1492 333 1562 Quot
345 1491 431 1552 enim
445 1491 477 1551 in
490 1487 613 1552 Horatii
625 1488 822 1551 carminibus
836 1490 1092 1552 constructiones
1105 1476 1230 1552 Graecas

71 1605 222 1663 accurata
238 1598 394 1679 perspicit
407 1597 643 1678 interpretatiol
659 1599 742 1670 Quot
755 1615 870 1660 novem
883 1599 1071 1680 Lyricorum
1086 1597 1232 1659 membra

71 1711 105 1772 in
129 1712 244 1772 eodem
263 1709 483 1770 inveniunturl
505 1707 550 1771 ita
569 1712 622 1783 ut,
649 1707 675 1767 si
701 1712 816 1768 cuncta
834 1707 1020 1786 integraque
1045 1707 1230 1787 Lyricorum

71 1834 171 1897 opera
193 1815 285 1877 nobis
309 1813 492 1876 tradidisset
514 1811 707 1893 Antiquitas,
732 1813 964 1876 essetfortasse
990 1812 1167 1891 periculum
1192 1830 1231 1872 ne

70 1922 204 1984 Flaccus
219 1920 303 1981 haud
319 1936 466 1998 magnam
485 1917 516 1979 in
529 1924 652 1996 partem
674 1939 689 1976 ιι
700 1919 846 2000 exigendi
862 1915 1062 1980 monumenti
1074 1940 1088 1974 u
1108 1915 1229 1978 venisse

70 2029 267 2101 crederetur,
282 2045 319 2088 ac
334 2029 373 2088 de
388 2028 443 2089 illo
456 2027 515 2088 hos
529 2044 645 2097 versus,
661 2044 741 2106 quos
756 2029 796 2089 de
808 2025 974 2088 cornicula
988 2021 1125 2103 scripsit,
1137 2021 1230 2083 dicti·
1261 2021 1263 2026 ’

69 2144 176 2201 tarent
189 2137 336 2217 maligni,

266 2329 308 2384 Ne
322 2326 345 2382 si
359 2325 431 2382 forte
445 2341 508 2382 suas
520 2326 670 2397 repetitum
685 2325 791 2382 venerit
805 2324 874 2381 olim

267 2429 333 2488 grex
344 2414 436 2471 avium
451 2415 568 2486 plumas,
584 2423 695 2472 moreat
708 2414 851 2471 cornicula
864 2414 951 2470 risum

267 2501 375 2560 furtivis
384 2502 487 2560 nudata
500 2503 639 2561 coloribus
648 2506 695 2576 (3).

65 2673 123 2736 Isti
137 2677 246 2735 tamen
260 2671 295 2732 in
312 2689 420 2734 errore
441 2689 555 2751 magno
578 2679 791 2749 versarentur;
815 2675 912 2753 idque
934 2673 1129 2755 argumentis
1154 2689 1234 2750 pro-c

65 2781 211 2842 bandum
227 2780 403 2860 aggrediar,
421 2798 521 2860 quum
537 2781 577 2843 de
597 2783 726 2844 Marone
748 2800 784 2843 ac
800 2783 926 2856 Flacco,
952 2782 1007 2862 qui
1028 2781 1170 2860 linguam
1189 2795 1226 2839 ac

64 2887 336 2954 versificationem
351 2886 541 2967 politissima
555 2893 621 2950 arte
642 2891 854 2968 perfecerunt,
875 2889 1035 2970 inquiram
1056 2894 1087 2951 et
1102 2890 1170 2968 ipse
1185 2906 1225 2948 an

65 2998 203 3072 uterque
218 2996 264 3056 vel
278 2995 433 3058 imitando
447 2996 614 3075 proprium
628 2996 748 3077 ingenii
762 2998 904 3060 colorem
922 2997 1059 3059 retinere
1075 2995 1221 3075 potuerit.

61 3099 388 3163 mmmmm
576 3079 591 3088 ”
951 3101 953 3106 ·

105 3209 267 3270 Hactenus
281 3213 423 3270 veterum
441 3214 609 3288 poetarum
630 3209 779 3291 reliquias
799 3210 859 3272 hac
880 3215 1004 3273 tantum
1023 3214 1131 3272 mente
1154 3227 1225 3287 per-

61 3317 190 3392 censui,
207 3321 242 3378 ut
256 3317 527 3398 interpretationis
551 3321 690 3398 vestigia,
711 3320 736 3380 si
766 3338 830 3400 qua
850 3326 966 3396 essent,
986 3321 1152 3383 manifeste
1167 3321 1222 3381 dc-

59 3423 316 3504 prehenderem3
339 3425 474 3498 arduum
496 3443 571 3486 sane
589 3444 669 3503 opus
694 3425 854 3505 suscipere
875 3446 981 3506 ausus,
1003 3429 1121 3509 quippe
1145 3425 1222 3489 defi-

58 3528 227 3592 cientibus
242 3530 321 3592 locis
339 3548 418 3610 quos
442 3531 481 3593 ab
496 3533 636 3593 Homero
651 3537 704 3594 aut
724 3531 763 3592 ab
780 3532 849 3593 aliis
869 3532 1038 3611 scriptores
1053 3532 1222 3594 transferre

94 3849 133 3911 (1)
153 3846 273 3910 Αἱγίλιποι
284 3848 411 3913 (montes);
425 3849 633 3914 καλλιπλόκαμον,
648 3848 821 3912 καλλίσφυρον,
836 3855 874 3895 etc
878 3882 927 3896 .....
941 3843 1069 3895 Lucretius
1083 3845 1223 3912 ipseGracca

53 3932 138 3983 verba
154 3930 285 3982 adhibuit:
302 3931 414 3998 ἄκοσμος
428 3933 478 3995 (IV,
492 3937 574 4000 1153),
588 3934 727 3998 Αἰγοκέρως
739 3931 778 3997 (V,
795 3932 899 3996 614)‚-
908 3931 955 3998 ἀήρ
967 3930 1080 4002 (secunda
1094 3933 1224 3997 producta,

53 4018 101 4076 lv,
128 4017 200 4080 ato),
218 4045 249 4054 ·-
272 4017 420 4084 ἀνδρόγυνος
433 4017 472 4082 (V,
488 4021 556 4082 aet),
576 4047 606 4056 -
627 4019 692 4084 apud
712 4017 804 4079 Cicer„
823 4017 885 4072 ἅπαξ
904 4017 949 4083 εἰρ.
966 4044 997 4054 -
1009 4018 1127 4082 Χαρίτων
1142 4015 1167 4067 ιὀι
1182 4017 1222 4082 (V,

55 4101 154 4165 uss),
168 4128 200 4136 -
215 4100 305 4167 οιριιι
317 4102 433 4167 (caprea),
446 4101 487 4162 ιν,
506 4105 579 4162 ιιιι,
592 4130 623 4138 -
641 4101 776 4166 lauceae
796 4100 847 4166 (ιν,
876 4100 960 4165 rua),
977 4129 1008 4138 -
1028 4086 1155 4168 μελιχρὸς
1171 4103 1221 4166 (ιν,

54 4186 152 4248 1153),
166 4192 225 4242 etc,
240 4193 287 4234 etc.

92 4270 131 4335 (2)
154 4266 308 4338 Odyss.,X1‚
324 4272 380 4321 tol.

90 4355 133 4423 (8)
154 4353 225 4416 Hor„
240 4357 329 4423 Epist,
342 4354 361 4416 l,
378 4359 403 4418 3,
419 4359 444 4412 2.
