2790 4770
594 366 794 429 -303-

117 505 287 584 aliquando
317 501 590 565 dissimilitudines
614 504 764 565 existunt.
785 503 819 563 ld
841 501 982 581 primum
1006 508 1116 581 aperte
1142 501 1270 581 probari

116 629 210 691 posse
224 611 362 688 conlido,
375 610 400 673 si
414 610 484 691 quis
499 615 592 674 antea
607 608 849 690 grammaticam
860 608 1001 688 aliquam
1008 610 1120 672 Artem
1134 609 1169 671 in
1183 615 1270 672 utro·

117 875 227 942 quamvis
237 875 263 925 in
276 875 477 942 rebuseligendis
490 875 679 942 ordinandisque
691 878 755 943 justa
767 875 956 942 reprehensione
967 891 1017 927 non
1031 886 1121 928 eareat.
1137 877 1183 928 Hic
1197 877 1271 945 igitur

117 977 196 1028 pauca
208 970 316 1019 mutum,
332 961 394 1011 duce
407 970 433 1011 et
445 960 542 1027 auspice
555 961 583 1012 Α.
598 961 733 1027 cantero,
747 960 908 1012 animadverti
920 976 949 1010 ac
961 961 1059 1023 notavi,
1073 962 1121 1012 hoc
1135 971 1201 1014 certe
1214 965 1272 1015 satis
1360 1026 1364 1033 ι

116 1045 209 1096 habens
217 1044 237 1094 si
248 1045 358 1111 maedam
369 1043 479 1109 exempla
488 1059 519 1093 ex
531 1043 666 1105 vocabulis,
679 1060 733 1110 quae
744 1059 826 1095 meum
835 1045 945 1096 continet
954 1045 1058 1094 Leaicon
1066 1045 1269 1113 graeco-latinum,

116 1130 203 1181 lectori
219 1144 389 1197 proponerem.

151 1215 222 1282 Apud
234 1214 328 1266 Graecos
338 1213 485 1279 Latinosque
499 1212 527 1263 iit
539 1211 677 1263 informatio
691 1212 821 1262 verborum
834 1212 929 1263 duobus
942 1214 1034 1264 modis:
1046 1213 1214 1266 Declinatione
1225 1217 1273 1267 sci·

116 1301 174 1352 licet
182 1309 226 1351 aut
240 1300 425 1370 compositione.
435 1298 553 1349 -Verba
567 1307 624 1349 sunt
632 1308 676 1349 aut
689 1297 808 1367 simplicia
824 1301 914 1365 (ἁπλᾶ),
926 1308 955 1350 ut
965 1299 1032 1348 navis
1046 1299 1125 1366 (ναῦς)
1136 1318 1143 1362 ;
1156 1311 1199 1351 aut
1208 1319 1272 1351 com·

112 1386 196 1456 posita
210 1385 346 1453 (σύνθετα),
366 1394 394 1436 ut
410 1383 563 1452 naufragium
578 1384 725 1450 (ναυάγιον).
747 1383 827 1444 Quum
843 1400 900 1436 vero
919 1386 968 1436 duo
982 1385 1055 1435 verba
1069 1385 1134 1436 inter
1151 1386 1272 1453 sejuncta
1358 1438 1361 1444 ,

115 1472 225 1522 eamdem
237 1471 338 1537 liguram
351 1487 380 1520 ac
392 1469 451 1530 vim,
462 1486 516 1536 qua
526 1468 584 1535 ipsis
595 1468 694 1534 singulis
707 1478 777 1519 antea
790 1478 868 1528 erant,
882 1469 998 1529 retinent,
1014 1468 1056 1519 illa
1070 1469 1185 1521 dicuntur
1196 1491 1272 1543 appo·

113 1555 162 1607 sita
175 1556 398 1624 (supersederetis),
413 1564 442 1605 ut
455 1552 613 1622 agricultura,
625 1575 638 1600 «
652 1554 703 1619 agri
716 1554 820 1611 cultura,
835 1575 847 1598 n
863 1556 1034 1620 accipimuset
1043 1572 1088 1622 pro
1103 1556 1140 1622 (ἡ)
1152 1563 1214 1608 πᾶσι
1229 1559 1272 1625 μέ-

114 1643 203 1693 λουσα.
212 1670 245 1679 -
258 1641 376 1692 Praeterea
397 1639 475 1690 Graeei
493 1638 647 1705 appellabant
660 1639 835 1705 παρασύνθετα
851 1638 971 1690 vocabula
982 1656 1036 1705 quae
1052 1639 1170 1692 inclinata
1185 1653 1269 1695 sunta

115 1743 175 1778 voce
190 1726 337 1793 composita:
350 1735 386 1785 ut,
401 1725 540 1784 διαλεκτική
556 1714 683 1774 anominc
697 1724 833 1781 διάλεκτος,
848 1721 992 1791 Intelligere
1007 1723 1038 1773 ab
1052 1717 1162 1793 intelligo
1165 1761 1228 1779 .....
1238 1755 1271 1764 -

114 1812 167 1862 Hoc
179 1811 266 1878 posito,
286 1811 419 1861 videndum
438 1817 473 1858 est
486 1824 534 1874 qua
552 1808 647 1858 ratione
660 1807 732 1857 verba
746 1808 865 1875 simplicia
879 1808 1009 1860 informata
1026 1809 1076 1859 sint
1088 1827 1093 1859 :
1105 1826 1159 1875 quae
1172 1811 1272 1876 quidem

114 1893 141 1943 in
154 1903 202 1944 tres
214 1895 300 1945 classes
311 1893 402 1944 fuerea
414 1892 576 1959 grammaticis
585 1892 723 1943 distributa.
802 1887 805 1895 ’

150 1981 177 2030 1⁰
187 1984 211 2026 V
210 1977 265 2027 arba
275 1988 327 2028 orla
335 1977 410 2028 abasi
422 1988 445 2026 et
456 1977 520 2026 exitu
533 1974 697 2026 declinationis
709 1988 750 2026 aut
759 1977 942 2046 conjugationis.
958 1977 1066 2040 Quorum
1073 1979 1139 2044 apud
1148 1980 1196 2030 alia
1208 1981 1271 2032 basis

114 2080 165 2115 non
176 2074 271 2115 mutata
293 2074 338 2116 est.
349 2065 397 2114 Pro
409 2062 526 2128 exemplis
540 2062 589 2111 sint
601 2078 606 2110 ε
618 2078 680 2129 ope,
697 2064 772 2129 op·is;
785 2062 885 2123 hiem-s,
901 2063 1010 2126 hiem-iu
1025 2052 1075 2114 dux
1089 2066 1155 2129 (c-s),
1171 2065 1258 2118 ducis,

118 2151 156 2204 cl.
168 2152 209 2215 λιψ
222 2152 283 2218 (ὃς),
296 2148 543 2215 λιὸ-ός-(αἰγί)λιψ,
557 2151 642 2206 λιπ·ος,
659 2148 769 2214 (lilibet,
788 2166 878 2207 τεκ-ος,
896 2149 968 2214 Apud
986 2149 1034 2199 alia
1047 2158 1128 2199 autem
1141 2150 1205 2200 basis
1218 2168 1271 2203 mu-

114 2247 164 2289 tata
173 2247 210 2287 est
220 2255 227 2288 ε
239 2237 312 2287 modo
326 2236 416 2286 vocalis
425 2232 598 2301 productaiuit
612 2233 775 2283 declinatione
786 2249 793 2283 τ
803 2243 832 2283 ut
843 2233 890 2292 cio,
902 2234 997 2284 eivis-
1006 2235 1065 2298 dux,
1079 2234 1156 2296 discis,
1170 2236 1271 2304 diaco,-

113 2323 185 2384 lidos,
194 2320 275 2374 lido...
291 2320 329 2372 Cl.
346 2319 384 2385 ἴψ,
398 2319 454 2376 laic
467 2321 485 2384 (t
499 2318 640 2386 producta),
655 2319 718 2385 φρίξ,
734 2319 821 2384 φρικὸς
834 2321 852 2384 (ι
861 2319 1127 2385 producta)...—blodo
1138 2319 1228 2372 ‘vocalis
1236 2332 1272 2373 est
1293 2319 1296 2326 ’

113 2409 241 2460 immrrtata
251 2424 258 2460 ε
269 2416 297 2458 ut
306 2423 399 2473 precor,
406 2421 502 2473 procus,
513 2404 601 2471 pendo,
610 2404 735 2469 pondus...
746 2403 784 2454 Cf.
795 2405 894 2468 plis-ar,
906 2406 973 2468 φλόξ,
988 2405 1113 2470 plagit-
1121 2408 1181 2458 κλέπ
1189 2426 1271 2470 -τω,

114 2494 194 2557 κλώψ,
209 2492 317 2549 alonis.
331 2491 402 2542 Nota.
418 2490 509 2540 Eadem
523 2487 586 2539 basis
601 2488 627 2538 in
640 2487 753 2555 pluribus
763 2487 853 2554 linguis
865 2489 988 2539 interdum
1001 2489 1139 2556 reperitur:
1155 2492 1186 2543 cl.
1203 2493 1272 2544 Latt-

112 2595 173 2630 nnm
184 2593 190 2628 :
201 2579 256 2640 Pes,
271 2575 363 2626 Pati-is.
379 2574 490 2625 indicum
501 2589 507 2624 :
519 2570 583 2622 Pad.
604 2571 717 2622 Graecum
727 2588 734 2622 t
744 2573 831 2623 stod-m
852 2570 880 2621 ln
899 2571 992 2623 duabus
1005 2589 1068 2640 saepe
1083 2591 1088 2624 :
1105 2575 1137 2627 ci.
1153 2575 1234 2647 dap-is
1247 2589 1272 2629 et

114 2666 221 2716 bain-actu
237 2680 242 2712 :
256 2662 324 2712 nio-is
342 2670 367 2712 ct
382 2660 465 2725 alp-a.
475 2695 498 2708 ..
516 2658 596 2708 Basim
618 2667 643 2707 et
665 2657 757 2707 exitum
771 2655 947 2725 conjugationis
959 2657 985 2706 in
998 2668 1101 2725 unaque
1117 2661 1198 2729 lingua
1215 2680 1272 2716 exa·

114 2750 200 2812 mines,
215 2764 245 2799 ac
257 2746 304 2798 tibi
315 2746 341 2796 id
352 2745 426 2796 titiam
439 2742 575 2793 mirabilius
588 2741 712 2792 videbitur
725 2742 792 2808 quod
809 2750 877 2792 tanta
893 2743 925 2792 sit
938 2741 1002 2793 iuter
1018 2738 1111 2795 sorores
1126 2747 1189 2813 ipsas
1205 2749 1272 2799 simi·

114 2837 202 2887 litudo.
215 2832 253 2886 Cl.
269 2848 361 2894 amco,
372 2828 464 2893 dele-o,
474 2827 570 2889 aucta,
581 2844 637 2877 cum
652 2828 722 2886 ζά-ω,
738 2829 807 2890 δέ·ω,
818 2828 888 2887 τί-ω;
897 2825 929 2877 el.
943 2844 1041 2894 quoque
1052 2846 1058 2878 :
1068 2847 1149 2897 gem-o
1158 2840 1183 2882 et
1194 2834 1271 2900 sip-oi

114 2921 175 2985 (vid.
190 2936 232 2987 ap.
247 2917 277 2968 Α.
290 2917 366 2984 Regu.
382 2933 408 2982 p.
423 2916 480 2974 134,
492 2929 565 2980 quam
580 2929 659 2979 pauca
672 2912 721 2962 sint
734 2912 799 2979 apud
809 2911 909 2963 Latinos
921 2913 995 2962 verba
1009 2913 1137 2979 inquibus
1151 2915 1214 2967 inter
1228 2918 1272 2970 ba·

114 3004 160 3055 dm
173 3014 198 3054 et
209 3002 360 3053 exitumnon
370 3007 476 3067 ponatur
487 2997 577 3047 vocalis
590 3006 633 3048 aut
647 2996 737 3064 syllaba
750 2997 828 3048 vocali
842 2997 970 3047 terminata
984 3006 1012 3049 ut
1025 2998 1068 3048 liat
1078 3001 1236 3069 conjugatio.)

148 3089 177 3139 2⁰
195 3090 219 3133 V
219 3083 276 3135 eaba
289 3095 342 3134 orta
354 3101 370 3132 a
383 3081 434 3131 basi
445 3091 468 3130 et
480 3076 565 3129 litteris
573 3078 669 3146 sufficis
685 3090 708 3129 et
723 3081 748 3129 3ο
762 3084 786 3127 V
785 3079 841 3129 erbo
854 3090 908 3129 orto
922 3079 1009 3133 litteris
1023 3082 1116 3148 suffixis
1128 3093 1150 3132 et
1159 3103 1174 3133 tt
1185 3087 1270 3155 primi·

112 3170 186 3242 genia
197 3181 270 3242 parte
283 3168 345 3221 verbi
355 3169 409 3237 jam
423 3163 555 3235 informati.
572 3165 635 3228 Quas
660 3165 759 3232 quidem
779 3166 864 3216 classes
878 3166 934 3231 jure
951 3167 1078 3234 conjunxit
1091 3168 1120 3219 Α,
1140 3167 1227 3238 Regu,
1243 3185 1272 3225 ut

114 3259 203 3310 vitaret
213 3257 363 3315 iterationes,
379 3263 403 3304 et
416 3250 627 3320 grammaticorum
642 3251 852 3318 investigatoribus
865 3250 1000 3302 faciliorem
1011 3253 1075 3303 viam
1086 3255 1200 3320 aperiret.
1217 3258 1271 3310 Non

114 3351 211 3394 tantum
224 3342 254 3392 de
265 3339 303 3390 his
315 3337 487 3406 quasuonibus
497 3337 574 3386 multa
589 3334 682 3385 erudite
693 3335 808 3386 disseruit
821 3336 856 3401 (p.
873 3339 918 3386 tlt
929 3346 954 3386 et
963 3337 1038 3403 sqq),
1049 3339 1090 3388 sed
1104 3340 1177 3391 ctiam
1186 3342 1212 3392 in
1221 3361 1271 3396 uno

112 3427 195 3479 indice
214 3426 338 3478 ordinavit
354 3436 437 3476 omnes
454 3422 547 3473 litteras
565 3421 671 3486 suffixae,
691 3422 781 3487 quibus
801 3421 931 3472 informata
947 3432 1003 3473 sunt
1022 3423 1102 3490 primo
1120 3424 1270 3480 declinantia

113 3511 200 3573 verbo,
213 3511 300 3562 deinde
313 3508 406 3568 oerbn,·
421 3507 526 3573 denique
539 3504 658 3566 adverbia,
666 3505 850 3575 praepositiones,
867 3506 1074 3575 conjurationes...
1085 3508 1187 3561 Librum
1200 3512 1270 3563 illum

114 3598 195 3665 legant
207 3597 235 3659 ii,
248 3595 290 3663 qui
298 3593 443 3663 'philologiae
455 3591 555 3643 studiosi
571 3600 635 3641 sunt.
652 3589 768 3640 Animum
779 3590 907 3640 attendant
918 3589 992 3640 selim
1004 3591 1042 3641 his
1053 3595 1186 3660 praesertim
1199 3597 1268 3659 loeis,

114 3682 158 3734 nbi
168 3682 285 3749 quasdam
300 3681 429 3731 verborum
445 3677 532 3743 figuras
543 3677 580 3739 (ut
595 3674 742 3736 παι-πάλλω,
753 3678 907 3738 pauniaco,
918 3676 1080 3728 ἀτ-ιτάλλω...
1091 3687 1115 3729 et
1123 3678 1267 3745 tin-tinnire,

114 3786 281 3830 murmurare,
295 3767 436 3828 susurrare)
451 3763 477 3812 in
491 3762 573 3827 lingua
584 3776 660 3825 graeca
673 3759 797 3824 latinaque
811 3769 936 3825 comparat
949 3760 984 3826 (p.
998 3765 1045 3814 373
1060 3773 1085 3813 et
1097 3768 1178 3832 sqq.),
1193 3778 1218 3818 et
1231 3786 1269 3819 ar.

114 3854 235 3921 gumentis
248 3855 320 3904 docet
332 3849 431 3902 sulluas
442 3849 535 3899 litteras
551 3847 578 3896 iu
591 3844 713 3895 adverbiis
726 3843 831 3920 Latinis,¹
842 3853 869 3894 ut
882 3844 909 3894 in
922 3844 1022 3910 Indicis,
1037 3863 1051 3896 a
1065 3850 1188 3901 vocalibus
1200 3855 1269 3919 (quas

113 3939 145 3992 ad
160 3938 354 4007 pronuntiandas
369 3934 480 3985 homines
493 3931 599 3982 maxime
616 3929 731 3979 dentibus
747 3929 868 3995 utuntur),
882 3945 935 3995 que
950 3939 1008 3981 sunt
1021 3940 1077 3982 ante
1089 3934 1171 3985 omnia
1182 3935 1269 3988 litterae

114 4023 315 4080 demonstrativae,
326 4030 390 4071 ortas
404 4018 476 4069 luisse
488 4020 523 4084 (p.
533 4020 581 4067 432
595 4025 619 4066 et
633 4018 707 4081 squ).

147 4109 270 4160 Hactenus
282 4107 313 4156 de
326 4103 456 4155 verborum
468 4100 639 4161 declinatione,
653 4098 769 4165 quoniam
777 4098 909 4149 doctissimi
923 4097 968 4148 viri
978 4099 1018 4165 (Α.
1030 4085 1116 4165 Regu„
1129 4099 1235 4155 Duntzer
1243 4110 1268 4157 ot

115 4192 193 4260 Bopp)
205 4192 251 4243 ista
264 4191 360 4258 aliaque
373 4187 518 4255 disputando
527 4176 651 4252 judicibus
664 4184 703 4234 sel
716 4183 871 4234 severissimis
885 4182 1043 4236 salutacione

148 4278 224 4330 Multa
242 4293 339 4344 quoque
356 4284 382 4325 et
396 4280 510 4324 accurata
528 4271 625 4321 illorum
644 4279 681 4320 est
697 4267 828 4336 disputatio
847 4269 877 4319 dc
890 4267 1064 4319 vocabulorum
1083 4272 1266 4337 compositione.

114 4362 193 4428 Qum
205 4360 306 4431 quidem
318 4356 440 4411 subtiliter
450 4355 581 4424 etcopiose
598 4354 735 4407 delituendo
745 4352 872 4420 explicant
880 4360 953 4418 atque
962 4351 1155 4421 excutiunt(rid.
1164 4356 1265 4427 inprim.
