2790 4770
402 829 573 945 PARS
614 828 1023 947 POSTERIOR.

221 1094 273 1217 'qu
293 1117 334 1179 u.
357 1117 498 1180 ruuuro
519 1119 709 1180 alcmona
731 1119 945 1183 pacsanum
968 1121 1209 1184 scarruonus

318 1225 400 1289 nur
421 1225 545 1287 urrant
567 1226 717 1288 rouuls
740 1227 939 1290 omrrouu
962 1227 1109 1291 sonum

476 1333 516 1396 ut
537 1334 714 1397 unrrnuu
735 1335 952 1398 vunruuru.

635 1626 792 1644 μ-ι--υ

594 1933 768 2012 CAPUT
797 1934 829 2012 l.

130 2163 238 2217 uolnus
264 2163 302 2208 uh
331 2164 435 2210 GAUSIS
464 2165 571 2211 CICERO
596 2164 753 2212 eufronum
777 2166 925 2220 amosouu
950 2165 1072 2212 thalamo
1094 2163 1291 2211 PRAESTANTES

170 2271 369 2318 rumosorflos
391 2257 564 2318 thermut?
577 2289 617 2302 -
638 2273 779 2327 QUOHODO
799 2273 887 2334 IDEM,
913 2274 977 2319 DUM
1001 2273 1224 2322 Pultosorfflam
1239 2275 1292 2322 lad·

169 2378 250 2425 '1'1ttls
266 2379 402 2426 umetis
418 2380 635 2441 runsuourrutt,
659 2381 881 2428 turcandum
895 2366 1031 2428 sotum?

170 2592 292 2670 Cicero,
313 2594 518 2674 «praecipuus
529 2592 561 2655 in
577 2594 759 2674 eloquentia
769 2593 816 2657 vir
828 2594 882 2674 (l),
896 2594 981 2656 haud
992 2609 1084 2655 secus
1098 2611 1135 2676 ac
1147 2592 1173 2654 si
1184 2593 1291 2655 foren-

129 2699 172 2760 sis
185 2698 240 2760 illa
252 2699 351 2780 gloria
369 2701 577 2780 cupiditatem
598 2699 696 2761 animi
710 2719 774 2762 non
788 2700 930 2781 expleret
944 2697 1168 2775 insatiabilem,
1185 2705 1289 2778 poetae

127 2824 247 2869 nomen
259 2807 439 2888 famamque
460 2807 619 2871 affectavit
636 2827 643 2869 :
660 2808 738 2888 quin
768 2805 911 2871 etiamid
927 2805 1050 2869 studuit
1071 2806 1241 2887 utprimus
1256 2804 1295 2868 in'

127 2912 331 2994 philosophia
350 2915 391 2997 (2)
419 2916 546 2978 laudem
569 2916 713 2979 haberet.
739 2916 858 2979 Volunt
885 2915 969 2978 enim
993 2913 1139 2978 homines
1160 2915 1289 2995 ingenio

126 3028 314 3102 praestantes
337 3043 370 3086 se
393 3043 458 3087 non
486 3025 588 3087 solum
603 3025 697 3105 hujus
711 3023 804 3087 reiin
826 3042 888 3104 qua
910 3024 1055 3085 omnium
1069 3042 1222 3087 concessu
1237 3044 1288 3088 ex·

126 3132 258 3207 cellunt,
272 3133 325 3193 sed
346 3130 441 3193 etiam
456 3133 572 3195 artium
588 3133 784 3195 diversarum
798 3132 1006 3210 peritissimos
1018 3131 1154 3212 judicari
1173 3147 1182 3193 ε
1198 3133 1287 3195 fuere

126 3239 282 3318 profecto,
310 3239 377 3320 qui,
393 3240 435 3302 M.
458 3239 562 3303 'fullio
588 3259 695 3304 versus
717 3240 883 3316 recitante,
913 3240 1155 3302 clamaverunt:
1185 3261 1201 3299 «
1220 3238 1290 3319 pul·

126 3347 219 3411 chret
247 3346 347 3411 benet
377 3352 512 3413 rectetn
533 3385 569 3396 -
588 3347 807 3412 Admiratione
829 3347 914 3411 enim
932 3348 1070 3427 quadam
1084 3349 1169 3411 affici
1182 3349 1287 3411 solent

126 3455 148 3516 ii
163 3455 218 3536 qui
235 3456 355 3519 anteire
381 3462 503 3520 ceteros
527 3458 575 3519 vel
603 3458 637 3519 in
652 3457 744 3520 unius
765 3456 811 3518 rei
829 3453 962 3518 scientia
978 3460 1138 3536 putantur.
1161 3457 1288 3519 Cicero-

124 3583 199 3628 nem
218 3567 349 3648 quidem
371 3568 481 3630 fecisse
510 3567 651 3630 carmina
679 3569 729 3630 vix
752 3567 898 3630 meminit
921 3567 1089 3646 posteritas
1115 3570 1193 3631 :sed
1211 3586 1289 3631 nun·

124 3688 221 3753 quam
238 3671 425 3737 Ciceronem
448 3675 677 3756 philosophum
697 3674 815 3738 silebit.
837 3676 917 3737 Nam
931 3674 1083 3751 Platonis,
1107 3673 1287 3736 Aristotelis

124 3778 393 3862 singulariumque
410 3782 550 3846 virorum
566 3802 663 3862 opera
679 3785 827 3864 quaedam
840 3784 874 3845 in
887 3783 1022 3845 latinum
1042 3784 1206 3859 vertendo,
1225 3783 1288 3844 lin-

158 4047 195 4113 (1)
213 4046 326 4109 Quintil,
342 4051 404 4098 lust.
421 4053 498 4110 Orat,
515 4050 547 4112 X,
561 4052 585 4101 1.

158 4138 195 4203 (2)
213 4136 300 4188 Cicero
318 4138 416 4205 quidam
434 4138 614 4208 philosophiam
638 4138 669 4191 ab
691 4139 792 4191 ineunte
812 4148 883 4191 etate
900 4156 925 4191 se
949 4140 1113 4208 amplexatum
1132 4139 1286 4206 multumque

122 4237 204 4290 operte
217 4230 243 4273 et
256 4239 321 4273 curas
331 4222 359 4273 in
372 4223 420 4274 hoo
431 4224 513 4275 studio
523 4225 698 4293 consumpsisse
716 4225 850 4276 identidem
863 4234 982 4277 testatur:
997 4223 1029 4278 cf.
1048 4222 1080 4274 de
1094 4223 1161 4291 Off,
1174 4223 1190 4283 l,
1207 4227 1237 4285 43
1253 4252 1285 4262 -

122 4305 156 4358 de
168 4309 204 4358 N.
219 4311 262 4367 0.,
276 4307 298 4371 l,
311 4311 343 4372 ὃς
354 4336 386 4348 -
401 4307 510 4371 rescat,
524 4309 555 4376 V,
570 4313 600 4372 ὃς
616 4338 648 4348 -
660 4313 738 4370 Brut,
753 4309 827 4378 §806
839 4325 893 4379 sqq.
