2790 4770
598 358 777 421 „22-

100 501 276 574 *soluerinq
296 499 555 579 fragmentisque,
575 515 645 578 quae
660 501 847 577 supersunt,
865 497 906 558 ob
924 494 1168 573 corruptionem
1184 512 1262 574 saepe

109 609 189 671 adeo
204 607 357 681 obscuris,
376 612 410 668 ut
421 606 487 666 iere
500 604 587 666 nulla
600 605 841 684 investigatione
854 603 1016 683 explanari
1032 607 1162 682 queant.
1188 601 1264 665 Satis

110 712 206 794 igitur
219 712 297 773 mibi
313 712 414 773 visum
439 717 487 772 est
502 710 596 772 verba
614 711 678 787 illa,
703 729 840 790 quorum
867 711 957 790 origo
973 713 1082 773 Graeca
1096 729 1163 772 non
1179 712 1264 785 latet,
1319 716 1321 735 '

111 818 286 900 exquirere.
314 819 414 880 Multa
441 835 459 878 a
483 818 633 880 Cicerone
662 824 789 898 sumpta
813 819 879 898 jam
905 818 1031 893 notavi,
1055 817 1267 896 inprimisque

111 929 240 990 nomina
259 928 389 989 omnino
408 927 526 1000 Graeca,
557 932 593 988 ut
617 926 848 1005 «philosophia
862 947 876 984 n
897 923 1073 1007 (φιλοσοφία),
1099 945 1116 982 n
1132 925 1265 1002 poesis»

111 1034 239 1117 (ποιήσις)
259 1052 297 1096 ac
313 1037 438 1096 caetera.
456 1034 514 1096 Hic
529 1032 668 1113 denique
683 1035 774 1113 plura
799 1033 911 1107 erbis,
935 1049 1006 1111 quae
1021 1049 1118 1109 supra
1140 1047 1270 1092 enume-

114 1144 188 1217 ravi,
214 1141 376 1204 vocabulis
393 1159 502 1201 rursus
525 1144 597 1201 ante
614 1141 723 1202 oculos
745 1157 864 1220 ponere
886 1138 965 1200 mihi
979 1136 1085 1213 liceat,
1105 1155 1143 1199 eo
1165 1143 1273 1198 tamen

114 1250 225 1312 ordine
241 1255 275 1312 ut
290 1249 396 1311 statim
413 1247 549 1310 discerni
564 1249 747 1328 possitquae
761 1249 878 1328 saepius
893 1249 925 1308 in
940 1265 999 1308 usu
1012 1247 1075 1307 sint
1086 1248 1172 1324 apud
1186 1244 1273 1309 Cice·

115 1375 237 1435 ronem,
255 1374 416 1438 quaerero
434 1355 480 1437 (ut
491 1359 599 1420 Graece
620 1358 744 1438 loquar)
761 1355 831 1426 ἅπαξ
852 1355 979 1437 εἰρημένα
994 1354 1065 1434 jure
1079 1353 1271 1417 habeantur.

349 1565 498 1628 Venabula
511 1571 621 1646 saepius
635 1567 668 1629 lu
680 1586 739 1629 usu
755 1567 840 1646 apud
856 1567 1040 1629 Ciceronem.

356 1757 493 1841 AEdifico.
773 1755 1014 1838 Muqoificeutto.

354 1865 533 1948 AEqut'puro.
774 1853 941 1944 Maleficum

358 1974 529 2052 Amplifico.
782 1971 930 2049 Mortifer.

356 2083 506 2162 Belliqer.
776 2080 960 2159 Multiplico.

359 2188 532 2270 Beuesucio.
779 2190 994 2267 Naufruqium.

362 2295 598 2375 Circumpicio.
780 2296 933 2374 opitulor.

365 2403 619 2483 &decoquimus
780 2402 935 2479 Sacrifico.

361 2511 487 2592 Impius.
780 2509 926 2591 Siquiser.

359 2617 500 2695 latitud.
923 2620 925 2624 ’

572 2848 663 2940 Ᾰπαξ
680 2863 829 2954 εἰρημένα.

365 3075 531 3137 Altisouus.

364 3185 548 3245 Arcitenens.

362 3290 510 3367 Armtqer.

363 3394 555 3475 Emporium.

784 3074 986 3154 Foedtsraqus.

785 3183 965 3263 Luclfuqus

786 3278 983 3351 Multimodis.

782 3394 977 3477 Omuiccpus.

165 3609 286 3672 'Pullius
307 3608 445 3687 etipse,
472 3609 613 3688 quamvis
640 3626 677 3670 ea
698 3615 790 3671 aetate
810 3608 937 3685 viveret,
955 3629 1018 3690 qua
1038 3611 1139 3672 multo
1163 3611 1294 3674 minore

126 3709 231 3771 studio
246 3707 341 3769 verba
365 3714 396 3769 et
415 3723 523 3768 sensus
545 3724 564 3767 a
586 3704 702 3768 Graecis
717 3707 882 3768 mutuandi
903 3707 1079 3769 imitatores
1102 3708 1263 3770 ardebant
1285 3757 1294 3785 ‚

126 3818 235 3892 poetas
250 3817 357 3873 tamen
378 3810 574 3889 antiquiores
590 3811 683 3873 facile
704 3816 831 3873 secutus
855 3817 911 3873 est.
930 3812 1013 3883 Quos
1037 3829 1137 3890 quum
1154 3810 1295 3876 mirifice

125 3923 245 3983 coleret
261 3918 470 4000 diligeretque
486 3935 523 3981 ac
536 3936 672 3999 semper,
687 3926 723 3982 ut
734 3922 779 3983 ita
795 3920 910 3998 dicam,
927 3920 1060 3982 haberet
1072 3919 1105 3978 in
1120 3926 1292 3997 promptu,

126 4029 303 4091 necessaria
329 4029 467 4108 quadam
489 4027 698 4092 inclinatione
713 4047 751 4091 eo
768 4031 927 4092 adductus
943 4037 1000 4106 est,
1020 4035 1184 4092 uteorum
1210 4033 1294 4093 scri-

126 4135 222 4199 bendi
238 4154 337 4217 genus
359 4141 391 4198 et
407 4136 510 4214 ipsam
529 4135 563 4196 in
585 4136 717 4198 vocibus
733 4137 963 4217 componendis
985 4138 1166 4199 serendisve
1190 4139 1296 4200 auda·

126 4246 209 4311 ciam
223 4246 439 4307 emularetur.
460 4245 609 4306 Ceterum
624 4243 689 4319 ille,
714 4245 740 4306 si
762 4246 832 4325 quis
855 4246 946 4322 alius,
967 4245 1085 4307 Graecis
1107 4242 1294 4306 familiaris-

124 4355 203 4417 sime
217 4371 306 4426 usus‚
322 4351 348 4413 si
366 4351 493 4431 parcius
504 4350 611 4414 Naevio
626 4352 825 4432 Pacuvioque
836 4351 1060 4415 transmarinas
1076 4368 1153 4430 opes
1169 4348 1203 4410 in
1216 4368 1289 4412 rem
