2790 4770
594 210 796 274 -137-

114 356 174 399 esse
184 343 243 417 ill]
255 346 390 418 Quocirca
400 347 647 423 intelligentiamin
660 348 767 416 animo,
780 348 904 407 animum
915 347 1050 406 conclusit
1060 347 1089 405 in
1098 345 1275 421 corpore:sic

113 462 193 513 ratus
204 466 246 514 est
257 457 330 530 apud
342 458 413 516 illud
428 457 560 516 effectum
573 475 633 517 esse
645 459 873 533 pulcherrimum.
887 463 976 532 Quam
990 460 1025 517 ob
1037 476 1150 518 cansam
1162 475 1219 516 non
1234 468 1276 517 est

114 551 305 622 cunctandum
317 566 458 639 profiteri,
476 566 596 624 simodo
615 567 777 641 investigari
795 566 900 640 aliquid
914 567 1072 640 conjectura
1085 575 1189 640 potest,
1201 567 1275 624 hunc

114 673 254 729 mundum
265 675 369 731 animal
382 690 452 743 esse,
465 675 547 748 idque
559 675 713 749 intelligens
724 684 752 734 et
763 675 855 732 divina
868 675 1039 748 providentia
1051 674 1244 732 constitutum.

150 782 199 837 IV.
219 783 280 839 Hoc
291 783 393 856 posito,
406 782 480 857 quod
491 783 623 856 seqnitur,
637 782 784 842 videndum
795 792 839 841 est
850 784 994 857 cujusnam
1007 783 1189 840 animantium
1196 785 1276 838 Deus

114 890 142 945 in
157 890 286 964 lingendo
305 890 410 948 mundo
421 891 633 949 similitudinem
646 901 756 950 seentns
772 893 817 949 sit.
830 892 941 950 Nullius
953 893 1087 966 prolecto,
1101 907 1197 949 eorum
1215 890 1274 962 qul·

114 996 178 1054 dem
190 1014 254 1072 quae
266 1009 332 1060 sunt
349 999 431 1057 nobis
445 1008 512 1057 nota
533 999 693 1057 animantia.
707 1003 778 1059 Sunt
790 1000 866 1058 enim
884 1001 979 1058 omnia
991 1001 1020 1056 iu
1031 998 1159 1073 quaedam
1173 1014 1274 1073 genera

117 1115 230 1185 partita,
243 1108 291 1172 aut
303 1115 443 1200 inchoata,
457 1116 591 1173 autnulla
603 1124 722 1189 exparte
735 1115 866 1189 perlecta.
880 1116 1045 1188 imperfecto
1059 1123 1153 1171 autern
1166 1129 1218 1170 nec
1229 1112 1277 1169 ab·
1340 1117 1347 1129 ’

116 1221 208 1278 soluto
221 1222 310 1280 simile
321 1222 470 1295 pulchrum
480 1238 540 1281 esse
549 1223 618 1280 nihil
630 1231 730 1295 potest.
740 1223 826 1296 Cuius
836 1239 901 1297 ergo
916 1238 999 1281 omne
1011 1221 1114 1278 animal
1127 1210 1205 1293 quasi
1217 1234 1277 1294 par·

116 1329 202 1386 ticula
214 1330 343 1403 quaedam
360 1340 416 1399 est,
430 1332 485 1389 sive
500 1331 529 1388 in
541 1331 671 1405 singulis,
685 1332 740 1388 sire
758 1331 786 1387 in
805 1332 933 1388 universo
946 1346 1046 1404 genere
1063 1338 1205 1401 cernatur,
1217 1332 1277 1400 ejus

117 1438 240 1495 similem
253 1439 388 1496 mundum
402 1456 463 1498 esse
475 1441 611 1497 dicamus.
626 1443 730 1497 Omnes
748 1440 841 1514 igitur,
854 1439 899 1512 qui
912 1440 1006 1496 animo
1024 1448 1176 1496 cernuntur
1189 1447 1217 1495 et
1228 1454 1276 1494 ra-

117 1546 194 1602 tione
206 1545 407 1620 intelliguntur,
420 1549 587 1617 animantes,
599 1548 745 1621 complexu
761 1548 877 1605 rationis
889 1556 916 1605 et
927 1547 1125 1622 intelligentiae,
1142 1549 1215 1606 sicut
1225 1547 1277 1603 ho·

118 1652 220 1721 mines,
234 1652 288 1709 lroo
299 1654 405 1711 mundo
417 1662 446 1711 et
456 1655 576 1726 pecudes
588 1668 616 1712 et
627 1655 732 1726 omnia,
745 1671 808 1726 quae
827 1655 878 1713 sub
896 1654 1057 1728 adspectum
1070 1655 1188 1724 cadunt,
1200 1670 1278 1711 eom·

119 1748 341 1831 prehenduntur.
353 1760 435 1832 Quod
447 1760 522 1818 enim
534 1762 753 1834 pulcherrimum
771 1764 798 1818 in
812 1780 904 1820 rerum
920 1772 1022 1821 natura
1042 1763 1157 1836 intelligi
1175 1770 1279 1835 potest,

119 1872 149 1920 et
159 1865 235 1938 quod
247 1879 281 1922 ex
293 1867 369 1922 omni
382 1875 460 1940 parte
472 1868 710 1926 absolutissimum
721 1877 772 1938 est,
785 1869 810 1927 ei
824 1886 909 1942 quum
922 1874 997 1927 Deus
1008 1869 1129 1926 similem
1143 1868 1278 1925 mundum

119 1975 231 2034 efficere
242 1977 335 2044 vellet,
351 1976 454 2033 animal
468 1994 565 2047 unum,
578 1977 775 2057 adsuetudine,
786 1977 814 2032 in
828 1994 883 2050 qno
898 1978 992 2033 omnia
1008 1977 1139 2033 animalia
1152 1976 1278 2033 contine-

118 2090 227 2153 rentur,
239 2081 340 2141 ellccit.
354 2087 478 2141 Rectene
491 2084 574 2158 igitur
586 2100 673 2141 unum
690 2082 826 2140 mundum
839 2082 1004 2151 dixerimus,
1018 2100 1055 2140 an
1069 2099 1128 2142 esse
1146 2083 1241 2157 plures
1252 2090 1279 2139 et

119 2192 350 2262 innumerabiles,
364 2193 438 2250 dictu
454 2193 545 2250 verius
563 2201 592 2249 et
603 2193 720 2250 meliust
731 2195 812 2250 Unus
824 2193 962 2266 profecto,
976 2193 1116 2266 siqnidem
1135 2192 1225 2251 lactus
1237 2202 1280 2251 est

119 2300 157 2358 ad
168 2300 335 2372 exentplum.
350 2300 431 2372 Quod
444 2301 519 2358 enim
532 2316 629 2358 omnes
641 2301 798 2358 animantes
810 2316 873 2369 eos,
891 2300 937 2374 qni
950 2301 1057 2358 ratione
1076 2301 1277 2371 intelliguntur,

118 2411 324 2485 complectitur,
345 2410 372 2468 ld
389 2428 445 2468 non
456 2418 547 2485 potest
558 2428 618 2469 esse
634 2428 697 2469 eum
715 2413 812 2469 altero.
829 2416 938 2469 Rursus
956 2414 1031 2469 enim
1044 2410 1115 2468 alius
1132 2411 1277 2489 animans,

120 2517 168 2590 qni
187 2532 236 2574 eos
252 2518 408 2589 contineat,
423 2518 459 2574 sit
469 2534 582 2576 neeesse
594 2526 645 2587 est,
659 2517 736 2590 eujus
751 2527 845 2591 partes
857 2519 913 2575 sint
928 2518 1085 2573 animantes
1101 2516 1276 2590 superiores,

119 2625 276 2700 coelnmque
287 2624 341 2682 hoe
351 2625 532 2683 simulacrum
552 2626 625 2683 illins
636 2625 727 2683 ultimi
739 2626 790 2693 sit,
802 2641 860 2681 non
875 2625 1003 2699 proximi.
1018 2626 1145 2695 Quorum
1156 2641 1192 2680 ne
1211 2624 1277 2697 quid

120 2729 270 2799 accideret,
282 2739 366 2803 atque
377 2741 408 2789 nt
416 2732 460 2788 hio
469 2732 591 2789 mundus
600 2725 819 2796 esset'animanti
831 2732 958 2789 absoluto
967 2731 1130 2799 simillimus,
1143 2730 1196 2786 hoc
1207 2730 1278 2803 ipso,
1313 2749 1319 2758 ·

119 2836 197 2910 quod
207 2837 284 2894 solus
296 2847 378 2913 atque
389 2855 461 2896 nnus
473 2848 555 2907 esset,
569 2838 670 2896 idcirco
683 2839 851 2914 singularem
868 2841 943 2895 Deus
954 2838 1029 2895 hunc
1045 2835 1182 2894 mundum
1195 2844 1279 2906 atque
1295 2869 1297 2873 -

121 2945 271 3018 unigenam
283 2947 448 3019 procreavit.
466 2949 638 3020 Corporeum
649 2955 742 3004 autem
755 2951 782 3003 et
795 2946 978 3020 adspectabile
995 2946 1120 3017 itemque
1135 2941 1280 2999 tractabile

120 3069 206 3111 omne
218 3069 332 3111 necesse
344 3063 457 3112 estesse
468 3054 544 3128 quod
555 3062 652 3111 natum
665 3063 716 3111 cst.
729 3054 802 3110 Nihil
816 3069 910 3127 porro,
924 3052 980 3126 igni
993 3068 1123 3121 vaenum,
1137 3049 1222 3107 videri
1232 3065 1278 3122 po·

120 3170 190 3231 test3
203 3177 256 3218 nec
266 3177 330 3219 vero
341 3161 428 3234 tangi,
441 3160 516 3234 quod
527 3167 623 3217 careat
636 3161 740 3229 solido;
754 3161 875 3218 solidum
891 3169 984 3218 autem
1000 3159 1086 3229 nihil,
1105 3158 1180 3232 quod
1198 3167 1281 3215 terrae

120 3269 161 3325 sit
170 3283 277 3341 expers.
295 3269 486 3340 Quamobrem
496 3267 634 3326 mundum
653 3267 763 3325 efficere
780 3269 899 3324 moliens
916 3271 1008 3337 Deus,
1032 3276 1136 3324 terram
1158 3266 1281 3339 primum

120 3373 272 3446 ignemque
279 3371 413 3446 jungebat
428 3391 435 3428 ι
448 3373 543 3428 omnia
555 3380 649 3429 autern
662 3370 718 3428 duo
736 3370 772 3427 ad
783 3370 980 3427 cohaerendum
992 3372 1107 3428 tertium
1119 3369 1226 3443 aliquid
1237 3385 1281 3425 re·

121 3478 255 3552 quirunt,
267 3478 382 3550 etquasi
401 3476 508 3533 nodum
528 3478 725 3549 vinculumque
740 3476 909 3534 desiderant.
929 3477 983 3534 Sed
1002 3476 1174 3534 vinculorum
1194 3475 1283 3533 idest

121 3585 297 3659 aptissimum
310 3594 394 3658 atque
406 3584 637 3657 pulcherrimum,
651 3584 726 3657 quod
739 3601 811 3642 exse
829 3593 912 3657 atquc
924 3585 958 3642 de
970 3585 1028 3654 his,
1042 3601 1103 3657 quae
1120 3584 1280 3658 adstringit,

121 3704 209 3762 quam
220 3689 342 3746 maxime
353 3706 441 3746 unum
453 3689 547 3747 eflicit.
562 3691 594 3747 ld
606 3691 710 3762 optime
725 3691 892 3763 assequitur,
910 3706 972 3763 quae
991 3706 1079 3764 graece
1091 3696 1226 3759 ἀναλογία,
1239 3688 1281 3745 la-

121 3796 180 3852 tine
193 3795 362 3868 (audendum
375 3804 417 3853 est
428 3797 513 3868 enim,
525 3798 658 3870 quoniam
671 3798 730 3856 lraee
743 3798 863 3870 primum
875 3814 890 3853 a
909 3797 990 3854 nobis
1004 3797 1152 3869 novantur)
1165 3813 1280 3869 compa·

121 3905 197 3960 ratio
210 3902 387 3975 proportiove
400 3901 453 3959 dici
468 3911 569 3975 potest.

157 4012 190 4066 V.
211 4009 329 4084 Quando
349 4009 422 4066 enim
443 4009 528 4095 trium
542 4009 584 4067 vel
605 4026 805 4081 numerorum,
829 4012 871 4067 vel
886 4011 1058 4084 figurarum,
1081 4009 1123 4067 vel
1144 4025 1280 4082 quornm·

154 4221 191 4287 (l)
206 4219 262 4270 llaec
273 4236 288 4271 a
301 4220 359 4270 uiris
373 4221 451 4272 doctis
461 4238 476 4273 e
487 4221 577 4273 Graecis
589 4224 654 4273 narie
667 4223 778 4290 suppleta
792 4233 849 4276 sunt
859 4224 954 4289 (Orelli,
966 4225 1016 4275 vol.
1031 4224 1070 4283 lll,
1086 4226 1110 4281 2,
1131 4238 1186 4288 pag.
1208 4224 1278 4288 lna).
