2790 4770
616 303 817 368 -218-

138 436 320 514 grediamur
347 438 424 518 jam,
455 441 541 519 quod
571 440 778 520 suscepimus,
807 441 833 501 si
861 440 948 520 prius
970 438 1212 519 exposuerimus
1228 456 1299 517 quae

139 561 233 605 causa
254 545 285 605 in
313 546 470 625 judicium
498 551 634 610 deducta
658 549 710 611 sit.
734 550 837 622 Quum
867 553 949 610 esset
976 549 1026 609 lex
1054 545 1190 609 Athenis
1216 567 1231 604 ιι
1259 562 1299 606 ne

140 651 210 729 quis
224 652 262 731 (1)
291 655 400 733 populi
428 653 542 717 scitum
560 657 676 717 faceret
690 656 743 736 (θ).
773 661 809 717 ut
832 655 1002 736 qnisquam
1020 673 1138 717 corona
1165 655 1300 716 donare-

111 845 114 849 ·
140 762 193 819 tur
212 759 253 841 (3)
279 760 310 820 in
338 762 519 841 magistratu
542 761 580 843 (1)
599 765 696 841 prius,
717 781 811 842 quum
829 763 965 824 rationes
980 763 1141 829 retulisset
1154 761 1243 843 ,5);>›
1269 768 1301 823 et

140 866 239 928 altera
253 868 314 944 lex,
336 889 351 926 ιι
363 886 426 944 eos,
445 870 499 948 qui
513 888 531 930 a
546 872 666 950 populo
679 874 883 948 donarentur,
899 872 932 932 in
950 871 1105 934 concione
1118 868 1229 930 donari
1245 868 1300 929 dc-

142 971 218 1035 berc
246 974 303 1056 (6);
321 976 375 1055 qui
401 995 419 1037 a
445 983 566 1054 senatu,
584 976 616 1038 in
632 985 763 1041 senatu:
780 1004 793 1039 ιι
814 980 1045 1042 Demosthenes
1057 976 1302 1041 curatormuris

133 1078 320 1144 herisiendis
334 1084 374 1165 (7)
390 1086 466 1161 suit3
484 1105 601 1166 eosque
623 1088 734 1148 reiecit
757 1087 895 1170 pecunia¹
919 1105 974 1148 sun
987 1085 1039 1166 (8).
1068 1087 1114 1147 De
1131 1085 1194 1147 hoe
1208 1083 1303 1163 igitur

144 1187 314 1266 Ctesiphon
328 1191 443 1252 scitum
456 1192 541 1267 iecit,
560 1194 654 1253 nullis
669 1192 709 1253 oh
729 1194 798 1271 ipso
813 1170 989 1254 rationibus
1002 1192 1120 1263 relatis
1135 1197 1171 1253 nt
1185 1207 1304 1253 corona

143 1310 238 1356 aurea
257 1297 438 1370 donaretur,
468 1317 566 1378 eaque
589 1299 718 1361 donatio
745 1300 832 1362 heret
849 1300 880 1360 in
896 1300 1033 1372 theatr0,
1051 1298 1171 1378 populo
1188 1315 1303 1358 conro-

144 1410 215 1465 cato
242 1403 308 1483 (qui
323 1405 410 1467 locus
434 1425 498 1487 non
525 1414 573 1468 est
599 1408 764 1470 concionis
788 1407 963 1487 legitimae),
980 1407 1306 1487 atqueitapnedica-

144 1517 250 1586 retur,
281 1531 352 1574 eum
378 1515 488 1574 donari
504 1520 628 1577 virtutis
657 1534 726 1596 erqo
747 1516 1018 1595 benivolentiaeque,
1040 1505 1131 1594 quam
1155 1534 1228 1593 erpa
1244 1517 1304 1574 Po·

142 1621 250 1698 potem
276 1616 491 1683 Atheniensem
522 1624 642 1683 tederet
671 1623 723 1704 (9).
754 1626 844 1684 Hunc
873 1621 968 1702 igitur
999 1622 1241 1702 Ctesiphontem
1273 1621 1306 1683 iu

141 1727 297 1807 judicium
320 1729 454 1792 adduxit
476 1730 652 1806 AEschiucs,
672 1732 756 1811 quod
782 1736 893 1794 contra
911 1733 996 1812 logos
1011 1729 1201 1809 scripsisset,
1218 1737 1256 1792 ut
1276 1737 1308 1792 ct

146 1835 322 1898 rationibus
338 1857 400 1900 non
416 1837 523 1900 relatis
534 1857 651 1900 corona
668 1841 851 1914 donaretur,
869 1843 901 1899 et
918 1836 1002 1899 utin
1018 1838 1152 1913 theatro,
1170 1843 1203 1899 et
1217 1839 1306 1917 quod

145 1945 184 2006 de
198 1943 312 2007 virtute
330 1947 396 2025 cjus
413 1953 443 2008 ct
469 1946 681 2009 benivolentia
702 1948 779 2008 salse
803 1943 992 2024 scripsissct3
1011 1943 1162 2025 quoniam
1177 1947 1310 2006 Demos-

146 2053 257 2114 thenes
278 2070 336 2114 nec
364 2053 528 2115 virbonus
559 2061 651 2124 essct,
677 2072 735 2114 uec
757 2054 838 2114 hene
868 2051 1000 2114 meritus
1021 2053 1060 2113 dc
1088 2049 1215 2114 civitate
1234 2054 1307 2134 (10).

146 2160 243 2220 Causa
263 2157 329 2237 ipse
345 2159 496 2221 abhorret
513 2159 566 2221 illa
580 2159 711 2240 quidem
726 2179 744 2220 a
760 2160 897 2220 formula
911 2157 1152 2220 consuetudinis
1168 2166 1306 2234 nostre3

147 2390 197 2432 nes,
213 2373 255 2439 qui
267 2372 341 2423 attice
355 2375 439 2424 volunt
454 2374 542 2424 dicere.
557 2399 568 2418 ιι
581 2405 610 2412 -
624 2374 682 2435 Quae
697 2374 795 2440 quidem
810 2373 1023 2440 interpretationes
1039 2373 1217 2436 desiderantur,
1229 2391 1313 2441 neque

149 2458 283 2525 quidquam
292 2457 581 2525 nisiquaedem'praeietio,
598 2477 670 2526 quoni
683 2460 723 2510 hic
738 2460 811 2527 paulo
821 2458 883 2509 inira
893 2455 1003 2526 legimus,
1011 2475 1088 2524 usque
1097 2459 1180 2508 adnos
1189 2460 1313 2526 pervenit.

147 2544 149 2548 ’
181 2543 216 2608 (1)
235 2542 272 2592 Gi.
285 2541 395 2592 AEchiuis
409 2561 437 2594 ac
452 2544 618 2595 Demosthenis
631 2545 703 2594 rerba
716 2563 721 2594 :
735 2567 746 2590 ιι
758 2545 845 2610 Νόμου
858 2544 1064 2611 ἀπαγορεύοντος,
1075 2545 1197 2608 μηδένα...
1210 2565 1223 2589 ιι

183 2633 218 2697 (2)
236 2631 398 2698 ApudAEsch.
410 2640 434 2682 ct
447 2631 572 2683 Demostlr.
586 2653 597 2675 ιι
611 2629 698 2701 Populi
711 2631 794 2679 scitum
801 2628 885 2696 facere
897 2630 1079 2698 »=«l'peiperr
1093 2631 1242 2696 ψήφισμα.»

182 2718 217 2782 (θ)
237 2740 249 2762 ιι
259 2718 354 2768 Corona
371 2718 457 2767 donari
471 2740 482 2762 »
494 2735 500 2769 :
511 2739 564 2761 -ιι
578 2715 770 2782 Στεφανοῦσθοιι.
786 2738 797 2759 ιι

184 2804 220 2867 (t)
240 2826 252 2849 «
267 2804 295 2853 iu
309 2803 452 2869 magistratu
465 2825 535 2847 »-«
547 2802 643 2857 Μεταξὺ
659 2801 778 2868 ἄρχοντα.
793 2823 804 2844 ιι

182 2891 218 2955 (5)
239 2911 251 2934 ιι
263 2889 406 2956 Priusquam
424 2889 530 2939 rationes
551 2887 672 2937 retulisset
683 2908 694 2930 ιι
706 2915 734 2924 -
750 2909 761 2931 ιι
774 2886 834 2954 Πρὶν
852 2886 936 2950 λόγον,
956 2887 1011 2952 πρὶν
1032 2886 1135 2943 εὐθύνας
1144 2886 1230 2937 δοῦναι
1246 2908 1257 2931 ιι
1274 2885 1312 2936 rel

151 2995 163 3018 ιι
178 2975 313 3025 ὑπεύθυνον
326 2973 394 3024 ὄντα.
407 2995 418 3017 ιι

185 3062 219 3125 (θ)
239 3059 276 3110 Cf.
293 3059 344 3109 herc
360 3058 463 3108 Graeca:
478 3079 488 3101 ιι
502 3057 653 3112 Κελεύοντος
667 3054 712 3106 τοῦ
722 3057 799 3120 νόμον
814 3057 838 3105 ἐν
852 3063 882 3121 τῇ
894 3056 1012 3120 ἐκκλησίᾳ
1024 3059 1172 3118 στεφανοῦν.
1184 3076 1195 3098 ιι

185 3144 220 3209 (i)
239 3149 343 3194 Curator
356 3143 428 3192 remis
444 3140 587 3206 reficiendis,
601 3163 612 3184 ιι
625 3143 788 3206 Ἐπιμελητὴς
804 3143 848 3202 τῆς
860 3143 909 3190 τῶν
925 3141 1012 3206 τειχῶν
1027 3140 1158 3197 ἐπισκευῆς
1180 3160 1200 3198 ιι,
1212 3139 1251 3189 vel
1263 3155 1313 3188 tuto

152 3228 226 3278 reihe
237 3251 248 3273 ιι
260 3227 404 3294 Τειχοποιός
417 3249 437 3276 ιι.

187 3314 222 3379 (8)
241 3311 277 3361 Gi.
292 3328 297 3361 ε
311 3335 323 3356 ιι
337 3312 538 3377 Προσαναλώσας
552 3312 586 3366 εἰς
599 3311 629 3359 τὰ
642 3312 701 3376 ἔργα
712 3310 759 3359 ἀπὸ
770 3310 883 3370 τῆςίδίας
895 3310 981 3366 οὐσίας
995 3311 1051 3375 τρία
1066 3309 1184 3366 τάλαντα,
1200 3308 1313 3358 ἐπέδωκε

151 3397 230 3449 ταῦτα
244 3401 279 3462 τῷ
294 3400 374 3463 δήμῳ.
388 3418 400 3440 ιι

185 3482 222 3546 (9)
241 3479 278 3530 cf.
300 3496 305 3529 :
326 3502 337 3523 ιι
360 3481 495 3545 Κτησιφῶν
517 3481 609 3548 ἔγραψε
636 3481 768 3545 ψήφισμα,
791 3481 824 3536 ὡς
842 3478 890 3546 ἄρα
908 3479 944 3528 δεῖ
967 3478 1125 3543 στεφανῶσαι
1148 3472 1313 3542 Δημοσθένην

152 3568 239 3634 χρυσῷ
252 3567 377 3630 στεφανῷ,
390 3566 432 3616 καὶ
446 3564 611 3632 ἀναγορεῦσαι
628 3565 653 3614 ἐν
671 3568 706 3631 τῷ
722 3566 825 3632 θεάτρῳ,
839 3565 877 3614 ’ότι
897 3563 1014 3627 στεφανοῖ
1028 3567 1041 3613 ὁ
1057 3563 1135 3626 δῆμος
1146 3562 1313 3625 Δημοσθένην

152 3652 239 3719 χρυσῷ
255 3650 379 3714 στεφάνῳ,
393 3651 481 3716 ἀρετῆς
494 3652 564 3699 ’ένεκα
579 3649 620 3698 καὶ
635 3649 729 3705 εὐνοίας
742 3642 771 3709 ἧς
789 3649 851 3715 ἔχων
869 3649 970 3697 διατελεῖ
990 3648 1014 3696 ἐν
1032 3647 1105 3697 παντὶ
1117 3645 1195 3713 καιρῷ
1216 3646 1251 3702 εἰς
1271 3644 1314 3693 τὸν

154 3737 233 3800 δῆμον
248 3736 296 3783 τῶν
318 3735 444 3793 Ἀθηναίων
458 3756 469 3778 ιι
481 3734 527 3795 τε),
539 3757 551 3778 ιι
565 3735 720 3798 στεφανῶσαι
735 3735 895 3798 Δημοσθένην
913 3732 998 3798 χρυσῷ
1015 3732 1144 3796 στεφάνῳ,
1161 3730 1204 3779 καὶ
1222 3730 1315 3792 ἀνοιγο·

154 3825 239 3889 ρεθσαι
255 3819 296 3869 τὸν
311 3821 431 3884 στέφανον
448 3820 472 3869 ἐν
485 3821 520 3882 τῷ
533 3819 637 3884 θεάτρῳ.
653 3840 664 3861 ιι

188 3911 239 3974 (10)
257 3907 295 3957 Cf.
309 3923 314 3957 :
330 3927 341 3950 ιι
359 3906 472 3971 Αἰσχίνης
482 3907 603 3969 ἀπήνεγκε
615 3906 678 3972 πρὸς
690 3907 731 3954 τὸν
744 3903 853 3970 ἄρχοντα
862 3905 1013 3970 παρανόμων
1029 3905 1125 3969 γραφὴν
1139 3903 1205 3953 κατὰ
1218 3904 1315 3962 Κτησι-

154 3994 257 4057 φῶντος,
272 3993 309 4041 ὅτι
327 3989 419 4057 ἔγραψε
436 3991 579 4056 παράνομον
596 3992 711 4054 ψήρισμα
726 3991 759 4044 ὡς
772 3988 819 4055 ἄρα
833 3990 869 4038 δεῖ
887 3989 1023 4039 ὑπεύθυνον
1039 3989 1197 4051 στεφανῶσαι
1212 3991 1315 4050 Δημοσ-

154 4078 233 4137 θένην,
246 4076 287 4125 καὶ
305 4078 469 4142 ἀναγορεῦσαι
485 4075 509 4124 ἐν
526 4077 560 4139 τῷ
574 4076 669 4141 θεάτρῳ
683 4077 721 4125 ’ότι
734 4074 851 4138 στεφανοῖ
866 4077 879 4123 ὁ
892 4076 970 4138 δῆμος
981 4075 1141 4137 Δημοσθένην
1153 4074 1243 4138 χρυσῷ
1257 4090 1315 4122 στε-

155 4164 235 4228 φανῷ,
248 4163 336 4227 ἀρετῆς
347 4164 421 4210 ’ένειια
436 4161 478 4210 καὶ
496 4161 591 4216 εὐνοίας
605 4153 633 4219 ἧς
648 4159 711 4225 ἔχων
726 4161 829 4208 διατελεῖ
843 4160 876 4215 εἰς
889 4159 931 4208 τὸν
948 4159 1026 4223 δῆμον
1042 4158 1091 4207 τῶν
1113 4158 1254 4221 Ἀθηναίων,
1272 4159 1314 4207 καὶ

156 4248 325 4313 ἀνδραγαθίας,
334 4246 375 4295 καὶ
385 4244 445 4294 διότι
455 4246 557 4295 διατελεῖ
564 4245 679 4312 πράττων
688 4244 729 4292 καὶ
738 4245 815 4305 λέγων
829 4244 859 4292 τὰ
868 4245 982 4308 βέλτιστα
993 4244 1118 4307 τῷδήμῳ,
1129 4242 1170 4291 καὶ
1186 4242 1316 4309 πρόθυμός

157 4331 210 4390 ἐστι
224 4331 302 4380 ποιεῖν
318 4331 367 4392 ὅ,τι
384 4328 413 4381 ἂν
428 4330 528 4390 δύνηται
541 4329 646 4403 ἀγαθόν·
666 4325 837 4377 πάνταταῦτα
852 4328 931 4391 ψευδῆ
944 4328 1042 4394 γράψας
1055 4328 1097 4377 καὶ
1106 4326 1248 4394 παράνομα.
1262 4348 1316 4372 ιι-
