<?xml version="1.0" encoding="UTF-8"?>
<!DOCTYPE html PUBLIC "-//W3C//DTD XHTML 1.0 Transitional//EN"
    "http://www.w3.org/TR/xhtml1/DTD/xhtml1-transitional.dtd">
<html xmlns="http://www.w3.org/1999/xhtml" xml:lang="en" lang="en">
 <head>
  <title>
</title>
<meta http-equiv="Content-Type" content="text/html;charset=utf-8" />
  <meta name='ocr-system' content='tesseract 3.04.00' />
  <meta name='ocr-capabilities' content='ocr_page ocr_carea ocr_par ocr_line ocrx_word'/>
</head>
<body>
  <div class='ocr_page' id='page_1' title='image "./demtciceronegrc00clavgoog_0153.png"; bbox 0 0 2790 4770; ppageno 0'>
   <div class='ocr_carea' id='block_1_1' title="bbox 609 324 807 389">
    <p class='ocr_par' dir='ltr' id='par_1_1' title="bbox 609 324 807 389">
     <span class='ocr_line' id='line_1_1' title="bbox 609 324 807 389; baseline -0.005 0"><span class='ocrx_word' id='word_1_1' title='bbox 609 324 807 389; x_wconf 75' lang='lat'>-122-</span> 
     </span>
    </p>
   </div>
   <div class='ocr_carea' id='block_1_2' title="bbox 130 456 1286 556">
    <p class='ocr_par' dir='ltr' id='par_1_2' title="bbox 130 456 1286 556">
     <span class='ocr_line' id='line_1_2' title="bbox 130 456 1286 556; baseline 0.006 -38"><span class='ocrx_word' id='word_1_2' title='bbox 130 456 319 538; x_wconf 86' lang='lat' dir='ltr'><strong>Priusquam</strong></span> <span class='ocrx_word' id='word_1_3' title='bbox 333 459 429 540; x_wconf 88' lang='lat' dir='ltr'><strong>igitur</strong></span> <span class='ocrx_word' id='word_1_4' title='bbox 445 465 641 544; x_wconf 75' lang='lat' dir='ltr'>argumentis</span> <span class='ocrx_word' id='word_1_5' title='bbox 654 471 733 540; x_wconf 87' lang='lat' dir='ltr'><strong>utar,</strong></span> <span class='ocrx_word' id='word_1_6' title='bbox 745 468 831 528; x_wconf 89' lang='lat' dir='ltr'><strong>hunc</strong></span> <span class='ocrx_word' id='word_1_7' title='bbox 855 469 982 546; x_wconf 89' lang='lat' dir='ltr'><strong>poetam</strong></span> <span class='ocrx_word' id='word_1_8' title='bbox 1000 463 1053 556; x_wconf 87' lang='lat' dir='ltr'><strong>(l),</strong></span> <span class='ocrx_word' id='word_1_9' title='bbox 1071 480 1167 542; x_wconf 89' lang='lat' dir='ltr'><strong>quem</strong></span> <span class='ocrx_word' id='word_1_10' title='bbox 1179 463 1286 542; x_wconf 92' lang='lat' dir='ltr'><strong>primo</strong></span> 
     </span>
    </p>
   </div>
   <div class='ocr_carea' id='block_1_3' title="bbox 131 565 1287 740">
    <p class='ocr_par' dir='ltr' id='par_1_3' title="bbox 131 565 1287 740">
     <span class='ocr_line' id='line_1_3' title="bbox 131 565 1287 655; baseline 0.003 -27"><span class='ocrx_word' id='word_1_11' title='bbox 131 565 216 628; x_wconf 86' lang='lat' dir='ltr'><strong>velut</strong></span> <span class='ocrx_word' id='word_1_12' title='bbox 243 573 373 649; x_wconf 85' lang='lat' dir='ltr'><strong>aspectu</strong></span> <span class='ocrx_word' id='word_1_13' title='bbox 401 575 467 633; x_wconf 87' lang='lat' dir='ltr'><strong>tam</strong></span> <span class='ocrx_word' id='word_1_14' title='bbox 498 573 703 638; x_wconf 84' lang='lat' dir='ltr'><strong>vehementer</strong></span> <span class='ocrx_word' id='word_1_15' title='bbox 727 575 835 655; x_wconf 83' lang='lat' dir='ltr'><strong>diligo,</strong></span> <span class='ocrx_word' id='word_1_16' title='bbox 863 591 1006 636; x_wconf 91' lang='lat' dir='ltr'><strong>nonesse</strong></span> <span class='ocrx_word' id='word_1_17' title='bbox 1026 572 1221 634; x_wconf 81' lang='lat' dir='ltr'><strong>imitatorem</strong></span> <span class='ocrx_word' id='word_1_18' title='bbox 1241 571 1287 633; x_wconf 87' lang='lat' dir='ltr'><strong>al·</strong></span> 
     </span>
     <span class='ocr_line' id='line_1_4' title="bbox 131 675 236 740; baseline 0.029 -3"><span class='ocrx_word' id='word_1_19' title='bbox 131 675 236 740; x_wconf 88' lang='lat' dir='ltr'><strong>firmo.</strong></span> 
     </span>
    </p>
   </div>
   <div class='ocr_carea' id='block_1_4' title="bbox 133 788 1289 1418">
    <p class='ocr_par' dir='ltr' id='par_1_4' title="bbox 133 788 1289 1200">
     <span class='ocr_line' id='line_1_5' title="bbox 174 788 1288 874; baseline 0 -22"><span class='ocrx_word' id='word_1_20' title='bbox 174 788 206 852; x_wconf 90' lang='lat' dir='ltr'><strong>Si</strong></span> <span class='ocrx_word' id='word_1_21' title='bbox 220 788 318 853; x_wconf 90' lang='lat' dir='ltr'><strong>trium</strong></span> <span class='ocrx_word' id='word_1_22' title='bbox 333 791 516 874; x_wconf 82' lang='lat' dir='ltr'>lyricorum,</span> <span class='ocrx_word' id='word_1_23' title='bbox 529 812 609 873; x_wconf 92' lang='lat' dir='ltr'><strong>quos</strong></span> <span class='ocrx_word' id='word_1_24' title='bbox 623 793 784 872; x_wconf 87' lang='lat' dir='ltr'><strong>praeoipue</strong></span> <span class='ocrx_word' id='word_1_25' title='bbox 808 790 926 856; x_wconf 78' lang='lat' dir='ltr'><strong>amavit</strong></span> <span class='ocrx_word' id='word_1_26' title='bbox 937 791 1087 854; x_wconf 76' lang='lat' dir='ltr'><strong>Horatius</strong></span> <span class='ocrx_word' id='word_1_27' title='bbox 1100 796 1132 854; x_wconf 88' lang='lat' dir='ltr'><strong>et</strong></span> <span class='ocrx_word' id='word_1_28' title='bbox 1144 790 1288 853; x_wconf 89' lang='lat' dir='ltr'><strong>imitatus</strong></span> 
     </span>
     <span class='ocr_line' id='line_1_6' title="bbox 134 898 1289 981; baseline -0.001 -21"><span class='ocrx_word' id='word_1_29' title='bbox 134 901 191 976; x_wconf 85' lang='lat' dir='ltr'><strong>est,</strong></span> <span class='ocrx_word' id='word_1_30' title='bbox 202 898 390 979; x_wconf 77' lang='lat' dir='ltr'><strong>fragmenta,</strong></span> <span class='ocrx_word' id='word_1_31' title='bbox 407 901 488 963; x_wconf 88' lang='lat' dir='ltr'><strong>heul</strong></span> <span class='ocrx_word' id='word_1_32' title='bbox 503 899 657 977; x_wconf 85' lang='lat' dir='ltr'><strong>breviora,</strong></span> <span class='ocrx_word' id='word_1_33' title='bbox 675 901 1039 980; x_wconf 84' lang='lat' dir='ltr'><strong>studiosissimelegeris‚</strong></span> <span class='ocrx_word' id='word_1_34' title='bbox 1048 899 1214 981; x_wconf 89' lang='lat' dir='ltr'><strong>proprium</strong></span> <span class='ocrx_word' id='word_1_35' title='bbox 1223 898 1289 960; x_wconf 86' lang='lat' dir='ltr'><strong>eui·</strong></span> 
     </span>
     <span class='ocr_line' id='line_1_7' title="bbox 133 1006 1286 1090; baseline -0.004 -18"><span class='ocrx_word' id='word_1_36' title='bbox 133 1027 204 1090; x_wconf 90' lang='lat' dir='ltr'><strong>que,</strong></span> <span class='ocrx_word' id='word_1_37' title='bbox 223 1015 258 1072; x_wconf 94' lang='lat' dir='ltr'><strong>ut</strong></span> <span class='ocrx_word' id='word_1_38' title='bbox 274 1009 405 1074; x_wconf 90' lang='lat' dir='ltr'><strong>Horatio</strong></span> <span class='ocrx_word' id='word_1_39' title='bbox 431 1010 503 1090; x_wconf 88' lang='lat' dir='ltr'><strong>ipsi,</strong></span> <span class='ocrx_word' id='word_1_40' title='bbox 530 1013 672 1074; x_wconf 85' lang='lat' dir='ltr'><strong>colorem</strong></span> <span class='ocrx_word' id='word_1_41' title='bbox 697 1029 775 1089; x_wconf 87' lang='lat' dir='ltr'><strong>esse,</strong></span> <span class='ocrx_word' id='word_1_42' title='bbox 790 1011 939 1090; x_wconf 87' lang='lat' dir='ltr'><strong>ipsosque</strong></span> <span class='ocrx_word' id='word_1_43' title='bbox 959 1010 1055 1072; x_wconf 89' lang='lat' dir='ltr'><strong>etiam</strong></span> <span class='ocrx_word' id='word_1_44' title='bbox 1075 1008 1134 1070; x_wconf 91' lang='lat' dir='ltr'><strong>sihi</strong></span> <span class='ocrx_word' id='word_1_45' title='bbox 1150 1006 1286 1070; x_wconf 83' lang='lat' dir='ltr'><strong>invicem</strong></span> 
     </span>
     <span class='ocr_line' id='line_1_8' title="bbox 133 1117 921 1200; baseline 0.003 -20"><span class='ocrx_word' id='word_1_46' title='bbox 133 1117 299 1183; x_wconf 82' lang='lat' dir='ltr'><strong>similiores</strong></span> <span class='ocrx_word' id='word_1_47' title='bbox 315 1138 410 1200; x_wconf 93' lang='lat' dir='ltr'><strong>quam</strong></span> <span class='ocrx_word' id='word_1_48' title='bbox 424 1126 528 1200; x_wconf 86' lang='lat' dir='ltr'><strong>poetae</strong></span> <span class='ocrx_word' id='word_1_49' title='bbox 543 1122 641 1184; x_wconf 87' lang='lat' dir='ltr'><strong>latino</strong></span> <span class='ocrx_word' id='word_1_50' title='bbox 656 1120 754 1184; x_wconf 89' lang='lat' dir='ltr'><strong>videri</strong></span> <span class='ocrx_word' id='word_1_51' title='bbox 770 1121 921 1184; x_wconf 86' lang='lat' dir='ltr'><strong>salebere.</strong></span> 
     </span>
    </p>

    <p class='ocr_par' dir='ltr' id='par_1_5' title="bbox 134 1228 1288 1418">
     <span class='ocr_line' id='line_1_9' title="bbox 174 1228 1288 1309; baseline -0.003 -20"><span class='ocrx_word' id='word_1_52' title='bbox 174 1229 341 1291; x_wconf 80' lang='lat' dir='ltr'>Anacreon</span> <span class='ocrx_word' id='word_1_53' title='bbox 367 1232 400 1291; x_wconf 92' lang='lat' dir='ltr'><strong>et</strong></span> <span class='ocrx_word' id='word_1_54' title='bbox 426 1229 554 1308; x_wconf 82' lang='lat' dir='ltr'>Sappho</span> <span class='ocrx_word' id='word_1_55' title='bbox 583 1229 730 1309; x_wconf 84' lang='lat' dir='ltr'><strong>inprimis</strong></span> <span class='ocrx_word' id='word_1_56' title='bbox 758 1246 900 1291; x_wconf 89' lang='lat' dir='ltr'><strong>amorem</strong></span> <span class='ocrx_word' id='word_1_57' title='bbox 915 1228 1122 1302; x_wconf 84' lang='lat' dir='ltr'><strong>celebravere,</strong></span> <span class='ocrx_word' id='word_1_58' title='bbox 1144 1243 1288 1288; x_wconf 87' lang='lat' dir='ltr'><strong>amorem</strong></span> 
     </span>
     <span class='ocr_line' id='line_1_10' title="bbox 134 1334 1287 1418; baseline -0.002 -22"><span class='ocrx_word' id='word_1_59' title='bbox 134 1337 240 1396; x_wconf 91' lang='lat' dir='ltr'><strong>autem</strong></span> <span class='ocrx_word' id='word_1_60' title='bbox 255 1338 440 1417; x_wconf 86' lang='lat' dir='ltr'><strong>flagrantem</strong></span> <span class='ocrx_word' id='word_1_61' title='bbox 454 1343 485 1398; x_wconf 90' lang='lat' dir='ltr'><strong>et</strong></span> <span class='ocrx_word' id='word_1_62' title='bbox 499 1336 587 1417; x_wconf 87' lang='lat' dir='ltr'><strong>quasi</strong></span> <span class='ocrx_word' id='word_1_63' title='bbox 609 1339 712 1399; x_wconf 86' lang='lat' dir='ltr'><strong>lerum</strong></span> <span class='ocrx_word' id='word_1_64' title='bbox 730 1336 783 1418; x_wconf 72' lang='lat'>(2),</span> <span class='ocrx_word' id='word_1_65' title='bbox 799 1336 995 1398; x_wconf 86' lang='lat' dir='ltr'><strong>Baoaharum</strong></span> <span class='ocrx_word' id='word_1_66' title='bbox 1011 1337 1107 1398; x_wconf 90' lang='lat' dir='ltr'><strong>modo</strong></span> <span class='ocrx_word' id='word_1_67' title='bbox 1128 1334 1287 1396; x_wconf 91' lang='lat' dir='ltr'><strong>insanien-</strong></span> 
     </span>
    </p>
   </div>
   <div class='ocr_carea' id='block_1_5' title="bbox 133 1438 1288 1626">
    <p class='ocr_par' dir='ltr' id='par_1_6' title="bbox 133 1438 1288 1626">
     <span class='ocr_line' id='line_1_11' title="bbox 133 1438 1288 1525; baseline -0.001 -23"><span class='ocrx_word' id='word_1_68' title='bbox 133 1444 209 1517; x_wconf 89' lang='lat' dir='ltr'><strong>tem,</strong></span> <span class='ocrx_word' id='word_1_69' title='bbox 224 1460 320 1521; x_wconf 90' lang='lat' dir='ltr'><strong>quem</strong></span> <span class='ocrx_word' id='word_1_70' title='bbox 333 1449 453 1505; x_wconf 90' lang='lat' dir='ltr'><strong>veteres</strong></span> <span class='ocrx_word' id='word_1_71' title='bbox 467 1451 503 1506; x_wconf 89' lang='lat' dir='ltr'><strong>ut</strong></span> <span class='ocrx_word' id='word_1_72' title='bbox 525 1445 818 1525; x_wconf 67' lang='lat' dir='ltr'><strong>interpretarentur,</strong></span> <span class='ocrx_word' id='word_1_73' title='bbox 838 1444 931 1506; x_wconf 90' lang='lat' dir='ltr'><strong>deam</strong></span> <span class='ocrx_word' id='word_1_74' title='bbox 952 1444 1124 1523; x_wconf 90' lang='lat' dir='ltr'><strong>quamdam</strong></span> <span class='ocrx_word' id='word_1_75' title='bbox 1139 1438 1288 1504; x_wconf 84' lang='lat' dir='ltr'><strong>ultricem</strong></span> 
     </span>
     <span class='ocr_line' id='line_1_12' title="bbox 134 1546 402 1626; baseline 0 -17"><span class='ocrx_word' id='word_1_76' title='bbox 134 1546 402 1626; x_wconf 80' lang='lat' dir='ltr'><strong>excogitaverunt.</strong></span> 
     </span>
    </p>
   </div>
   <div class='ocr_carea' id='block_1_6' title="bbox 241 1745 965 1806">
    <p class='ocr_par' dir='ltr' id='par_1_7' title="bbox 241 1745 965 1806">
     <span class='ocr_line' id='line_1_13' title="bbox 241 1745 965 1806; baseline -0.004 -2"><span class='ocrx_word' id='word_1_77' title='bbox 241 1746 346 1806; x_wconf 86' lang='lat' dir='ltr'><strong>Praedae</strong></span> <span class='ocrx_word' id='word_1_78' title='bbox 357 1746 438 1804; x_wconf 83' lang='lat' dir='ltr'><strong>affixa</strong></span> <span class='ocrx_word' id='word_1_79' title='bbox 450 1764 507 1806; x_wconf 85' lang='lat' dir='ltr'><strong>suae</strong></span> <span class='ocrx_word' id='word_1_80' title='bbox 518 1748 616 1806; x_wconf 83' lang='lat' dir='ltr'><strong>vindex</strong></span> <span class='ocrx_word' id='word_1_81' title='bbox 626 1750 720 1806; x_wconf 89' lang='lat' dir='ltr'><strong>Venus</strong></span> <span class='ocrx_word' id='word_1_82' title='bbox 732 1746 823 1805; x_wconf 91' lang='lat' dir='ltr'><strong>omnis</strong></span> <span class='ocrx_word' id='word_1_83' title='bbox 834 1745 965 1804; x_wconf 86' lang='lat' dir='ltr'><strong>adhaeret.</strong></span> 
     </span>
    </p>
   </div>
   <div class='ocr_carea' id='block_1_7' title="bbox 99 1924 1293 2673">
    <p class='ocr_par' dir='ltr' id='par_1_8' title="bbox 133 1924 1291 2142">
     <span class='ocr_line' id='line_1_14' title="bbox 136 1924 1291 2028; baseline -0.003 -22"><span class='ocrx_word' id='word_1_84' title='bbox 136 1945 197 2008; x_wconf 87' lang='lat' dir='ltr'><strong>Sed</strong></span> <span class='ocrx_word' id='word_1_85' title='bbox 209 1945 358 2008; x_wconf 87' lang='lat' dir='ltr'><strong>Horatius</strong></span> <span class='ocrx_word' id='word_1_86' title='bbox 370 1945 580 2028; x_wconf 87' lang='lat' dir='ltr'><strong>philosophiae</strong></span> <span class='ocrx_word' id='word_1_87' title='bbox 598 1945 762 2028; x_wconf 79' lang='lat' dir='ltr'><strong>praeceptis</strong></span> <span class='ocrx_word' id='word_1_88' title='bbox 774 1963 917 2008; x_wconf 88' lang='lat' dir='ltr'><strong>amorem</strong></span> <span class='ocrx_word' id='word_1_89' title='bbox 937 1963 951 2001; x_wconf 85' lang='lat' dir='ltr'><strong>r</strong></span> <span class='ocrx_word' id='word_1_90' title='bbox 965 1924 1194 2023; x_wconf 81' lang='lat' dir='ltr'><strong>moderatoque</strong></span> <span class='ocrx_word' id='word_1_91' title='bbox 1208 1947 1291 2006; x_wconf 92' lang='lat' dir='ltr'><strong>tem-</strong></span> 
     </span>
     <span class='ocr_line' id='line_1_15' title="bbox 133 2055 1285 2142; baseline 0.001 -25"><span class='ocrx_word' id='word_1_92' title='bbox 133 2055 254 2137; x_wconf 88' lang='lat' dir='ltr'><strong>peravit</strong></span> <span class='ocrx_word' id='word_1_93' title='bbox 265 2074 324 2118; x_wconf 89' lang='lat' dir='ltr'><strong>usu</strong></span> <span class='ocrx_word' id='word_1_94' title='bbox 337 2055 379 2137; x_wconf 86' lang='lat'><strong>(3)</strong></span> <span class='ocrx_word' id='word_1_95' title='bbox 394 2077 424 2118; x_wconf 76' lang='lat' dir='ltr'><strong>a.</strong></span> <span class='ocrx_word' id='word_1_96' title='bbox 1282 2136 1285 2142; x_wconf 85' lang='lat'><em>.</em></span> 
     </span>
    </p>

    <p class='ocr_par' dir='ltr' id='par_1_9' title="bbox 99 2156 1293 2673">
     <span class='ocr_line' id='line_1_16' title="bbox 174 2156 1293 2247; baseline -0.007 -21"><span class='ocrx_word' id='word_1_97' title='bbox 174 2163 303 2226; x_wconf 88' lang='lat' dir='ltr'><strong>Duobus</strong></span> <span class='ocrx_word' id='word_1_98' title='bbox 324 2163 386 2226; x_wconf 93' lang='lat' dir='ltr'><strong>illis</strong></span> <span class='ocrx_word' id='word_1_99' title='bbox 402 2165 507 2247; x_wconf 83' lang='lat' dir='ltr'><strong>lyricis</strong></span> <span class='ocrx_word' id='word_1_100' title='bbox 533 2162 713 2243; x_wconf 87' lang='lat' dir='ltr'><strong>anteposuit</strong></span> <span class='ocrx_word' id='word_1_101' title='bbox 736 2165 889 2237; x_wconf 79' lang='lat' dir='ltr'><strong>Alcaeum,</strong></span> <span class='ocrx_word' id='word_1_102' title='bbox 908 2177 1003 2242; x_wconf 87' lang='lat' dir='ltr'><strong>quem</strong></span> <span class='ocrx_word' id='word_1_103' title='bbox 1025 2159 1147 2238; x_wconf 88' lang='lat' dir='ltr'><strong>pleotro</strong></span> <span class='ocrx_word' id='word_1_104' title='bbox 1161 2156 1293 2219; x_wconf 83' lang='lat' dir='ltr'><strong>donavit</strong></span> 
     </span>
     <span class='ocr_line' id='line_1_17' title="bbox 135 2263 1292 2353; baseline -0.008 -19"><span class='ocrx_word' id='word_1_105' title='bbox 135 2289 232 2334; x_wconf 89' lang='lat' dir='ltr'><strong>aureo</strong></span> <span class='ocrx_word' id='word_1_106' title='bbox 261 2271 314 2353; x_wconf 78' lang='grc'>(4).</span> <span class='ocrx_word' id='word_1_107' title='bbox 344 2273 414 2352; x_wconf 90' lang='lat' dir='ltr'><strong>lpse</strong></span> <span class='ocrx_word' id='word_1_108' title='bbox 439 2272 478 2333; x_wconf 93' lang='lat' dir='ltr'><strong>ab</strong></span> <span class='ocrx_word' id='word_1_109' title='bbox 507 2271 562 2334; x_wconf 94' lang='lat' dir='ltr'><strong>illo</strong></span> <span class='ocrx_word' id='word_1_110' title='bbox 586 2273 677 2350; x_wconf 89' lang='lat' dir='ltr'><strong>plura</strong></span> <span class='ocrx_word' id='word_1_111' title='bbox 689 2270 823 2350; x_wconf 90' lang='lat' dir='ltr'><strong>sumpsit</strong></span> <span class='ocrx_word' id='word_1_112' title='bbox 837 2286 874 2331; x_wconf 89' lang='lat' dir='ltr'><strong>eo</strong></span> <span class='ocrx_word' id='word_1_113' title='bbox 893 2266 1054 2342; x_wconf 89' lang='lat' dir='ltr'><strong>libentius,</strong></span> <span class='ocrx_word' id='word_1_114' title='bbox 1072 2264 1158 2346; x_wconf 88' lang='lat' dir='ltr'><strong>quod</strong></span> <span class='ocrx_word' id='word_1_115' title='bbox 1171 2263 1204 2324; x_wconf 95' lang='lat' dir='ltr'><strong>in</strong></span> <span class='ocrx_word' id='word_1_116' title='bbox 1220 2265 1292 2326; x_wconf 91' lang='lat' dir='ltr'><strong>odis</strong></span> 
     </span>
     <span class='ocr_line' id='line_1_18' title="bbox 134 2373 1291 2458; baseline -0.005 -16"><span class='ocrx_word' id='word_1_117' title='bbox 134 2380 258 2452; x_wconf 80' lang='lat' dir='ltr'><strong>Alcaeus</strong></span> <span class='ocrx_word' id='word_1_118' title='bbox 289 2396 354 2440; x_wconf 86' lang='lat' dir='ltr'><strong>suaa</strong></span> <span class='ocrx_word' id='word_1_119' title='bbox 378 2383 535 2458; x_wconf 83' lang='lat' dir='ltr'><strong>praeoepla</strong></span> <span class='ocrx_word' id='word_1_120' title='bbox 559 2379 630 2440; x_wconf 90' lang='lat' dir='ltr'><strong>vitae</strong></span> <span class='ocrx_word' id='word_1_121' title='bbox 654 2376 789 2440; x_wconf 74' lang='lat' dir='ltr'><strong>oeoinit</strong></span> <span class='ocrx_word' id='word_1_122' title='bbox 808 2380 875 2441; x_wconf 84' lang='lat' dir='ltr'><strong>Hoc</strong></span> <span class='ocrx_word' id='word_1_123' title='bbox 896 2377 963 2457; x_wconf 88' lang='lat' dir='ltr'><strong>ejus</strong></span> <span class='ocrx_word' id='word_1_124' title='bbox 978 2373 1106 2447; x_wconf 88' lang='lat' dir='ltr'><strong>moralis</strong></span> <span class='ocrx_word' id='word_1_125' title='bbox 1121 2373 1291 2453; x_wconf 84' lang='lat' dir='ltr'><strong>disciplina</strong></span> 
     </span>
     <span class='ocr_line' id='line_1_19' title="bbox 136 2486 1293 2568; baseline -0.002 -20"><span class='ocrx_word' id='word_1_126' title='bbox 136 2488 334 2568; x_wconf 85' lang='lat' dir='ltr'><strong>praecipuum</strong></span> <span class='ocrx_word' id='word_1_127' title='bbox 351 2487 447 2549; x_wconf 87' lang='lat' dir='ltr'><strong>habet</strong></span> <span class='ocrx_word' id='word_1_128' title='bbox 469 2493 505 2549; x_wconf 90' lang='lat' dir='ltr'><strong>ut</strong></span> <span class='ocrx_word' id='word_1_129' title='bbox 525 2486 662 2566; x_wconf 80' lang='lat' dir='ltr'><strong>ingenue</strong></span> <span class='ocrx_word' id='word_1_130' title='bbox 673 2486 720 2548; x_wconf 90' lang='lat' dir='ltr'><strong>sui</strong></span> <span class='ocrx_word' id='word_1_131' title='bbox 745 2505 886 2551; x_wconf 90' lang='lat' dir='ltr'><strong>amorem</strong></span> <span class='ocrx_word' id='word_1_132' title='bbox 906 2491 1073 2568; x_wconf 89' lang='lat' dir='ltr'><strong>proponat.</strong></span> <span class='ocrx_word' id='word_1_133' title='bbox 1089 2487 1207 2548; x_wconf 89' lang='lat' dir='ltr'><strong>Natura</strong></span> <span class='ocrx_word' id='word_1_134' title='bbox 1221 2486 1293 2566; x_wconf 87' lang='lat' dir='ltr'><strong>qui-</strong></span> 
     </span>
     <span class='ocr_line' id='line_1_20' title="bbox 99 2581 1292 2673; baseline -0.003 -15"><span class='ocrx_word' id='word_1_135' title='bbox 99 2581 101 2587; x_wconf 61' lang='grc'><strong>’</strong></span> <span class='ocrx_word' id='word_1_136' title='bbox 137 2598 210 2658; x_wconf 90' lang='lat' dir='ltr'><strong>dem</strong></span> <span class='ocrx_word' id='word_1_137' title='bbox 238 2594 386 2657; x_wconf 91' lang='lat' dir='ltr'><strong>virtutem</strong></span> <span class='ocrx_word' id='word_1_138' title='bbox 412 2600 512 2670; x_wconf 80' lang='lat' dir='ltr'><strong>amat3</strong></span> <span class='ocrx_word' id='word_1_139' title='bbox 532 2597 587 2656; x_wconf 90' lang='lat' dir='ltr'><strong>sed</strong></span> <span class='ocrx_word' id='word_1_140' title='bbox 613 2614 672 2656; x_wconf 83' lang='lat' dir='ltr'><strong>usu</strong></span> <span class='ocrx_word' id='word_1_141' title='bbox 688 2613 805 2673; x_wconf 81' lang='lat' dir='ltr'><strong>rerum,</strong></span> <span class='ocrx_word' id='word_1_142' title='bbox 823 2594 959 2657; x_wconf 89' lang='lat' dir='ltr'><strong>divitias.</strong></span> <span class='ocrx_word' id='word_1_143' title='bbox 975 2595 1079 2672; x_wconf 87' lang='lat' dir='ltr'><strong>AEquo</strong></span> <span class='ocrx_word' id='word_1_144' title='bbox 1096 2591 1292 2654; x_wconf 87' lang='lat' dir='ltr'><strong>animotole·</strong></span> 
     </span>
    </p>
   </div>
   <div class='ocr_carea' id='block_1_8' title="bbox 137 2923 1290 3080">
    <p class='ocr_par' dir='ltr' id='par_1_10' title="bbox 137 2923 1290 3080">
     <span class='ocr_line' id='line_1_21' title="bbox 168 2923 1290 2996; baseline -0.007 -15"><span class='ocrx_word' id='word_1_145' title='bbox 168 2930 204 2996; x_wconf 88' lang='lat'><strong>(1)</strong></span> <span class='ocrx_word' id='word_1_146' title='bbox 221 2928 350 2981; x_wconf 85' lang='lat' dir='ltr'><strong>Horatium</strong></span> <span class='ocrx_word' id='word_1_147' title='bbox 362 2930 431 2993; x_wconf 90' lang='lat' dir='ltr'><strong>dieo;</strong></span> <span class='ocrx_word' id='word_1_148' title='bbox 444 2946 500 2980; x_wconf 89' lang='lat' dir='ltr'><strong>num</strong></span> <span class='ocrx_word' id='word_1_149' title='bbox 513 2930 543 2978; x_wconf 91' lang='lat' dir='ltr'><strong>de</strong></span> <span class='ocrx_word' id='word_1_150' title='bbox 557 2928 657 2996; x_wconf 78' lang='lat' dir='ltr'><strong>Virgilio</strong></span> <span class='ocrx_word' id='word_1_151' title='bbox 671 2928 731 2995; x_wconf 90' lang='lat' dir='ltr'><strong>quid</strong></span> <span class='ocrx_word' id='word_1_152' title='bbox 745 2944 794 2978; x_wconf 91' lang='lat' dir='ltr'><strong>non</strong></span> <span class='ocrx_word' id='word_1_153' title='bbox 806 2927 920 2977; x_wconf 85' lang='lat' dir='ltr'><strong>disseruit</strong></span> <span class='ocrx_word' id='word_1_154' title='bbox 935 2926 973 2977; x_wconf 81' lang='lat' dir='ltr'><strong>rir</strong></span> <span class='ocrx_word' id='word_1_155' title='bbox 986 2940 1093 2975; x_wconf 86' lang='lat' dir='ltr'><strong>summus</strong></span> <span class='ocrx_word' id='word_1_156' title='bbox 1105 2925 1169 2975; x_wconf 78' lang='lat' dir='ltr'><strong>inter</strong></span> <span class='ocrx_word' id='word_1_157' title='bbox 1182 2923 1290 2984; x_wconf 81' lang='lat' dir='ltr'><strong>criticos,</strong></span> 
     </span>
     <span class='ocr_line' id='line_1_22' title="bbox 137 3013 758 3080; baseline -0.005 -15"><span class='ocrx_word' id='word_1_158' title='bbox 137 3014 162 3067; x_wconf 87' lang='lat' dir='ltr'><strong>S.</strong></span> <span class='ocrx_word' id='word_1_159' title='bbox 175 3015 222 3066; x_wconf 77' lang='lat' dir='ltr'><strong>B,i’</strong></span> <span class='ocrx_word' id='word_1_160' title='bbox 235 3014 264 3065; x_wconf 91' lang='lat' dir='ltr'><strong>ln</strong></span> <span class='ocrx_word' id='word_1_161' title='bbox 277 3014 389 3065; x_wconf 86' lang='lat' dir='ltr'><strong>manibus</strong></span> <span class='ocrx_word' id='word_1_162' title='bbox 400 3014 510 3064; x_wconf 90' lang='lat' dir='ltr'><strong>omnium</strong></span> <span class='ocrx_word' id='word_1_163' title='bbox 524 3025 581 3064; x_wconf 81' lang='lat' dir='ltr'><strong>sum</strong></span> <span class='ocrx_word' id='word_1_164' title='bbox 594 3013 646 3079; x_wconf 90' lang='lat' dir='ltr'><strong>ejus</strong></span> <span class='ocrx_word' id='word_1_165' title='bbox 659 3013 758 3080; x_wconf 84' lang='lat' dir='ltr'><strong>scriptu.</strong></span> 
     </span>
    </p>
   </div>
   <div class='ocr_carea' id='block_1_9' title="bbox 169 3156 949 4236">
    <p class='ocr_par' dir='ltr' id='par_1_11' title="bbox 169 3156 810 3817">
     <span class='ocr_line' id='line_1_23' title="bbox 169 3156 774 3225; baseline -0.008 -15"><span class='ocrx_word' id='word_1_166' title='bbox 169 3159 205 3225; x_wconf 81' lang='lat'><strong>(2)</strong></span> <span class='ocrx_word' id='word_1_167' title='bbox 454 3158 527 3207; x_wconf 82' lang='grc' dir='ltr'><strong>Πῶλε</strong></span> <span class='ocrx_word' id='word_1_168' title='bbox 542 3157 649 3223; x_wconf 81' lang='grc' dir='ltr'><strong>θρηῐκίη,</strong></span> <span class='ocrx_word' id='word_1_169' title='bbox 663 3156 686 3205; x_wconf 86' lang='grc' dir='ltr'><strong>τί</strong></span> <span class='ocrx_word' id='word_1_170' title='bbox 698 3156 727 3215; x_wconf 85' lang='grc' dir='ltr'><strong>δή</strong></span> <span class='ocrx_word' id='word_1_171' title='bbox 743 3173 774 3221; x_wconf 81' lang='grc' dir='ltr'><strong>με</strong></span> 
     </span>
     <span class='ocr_line' id='line_1_24' title="bbox 448 3239 774 3306; baseline -0.003 -15"><span class='ocrx_word' id='word_1_172' title='bbox 448 3240 517 3296; x_wconf 77' lang='grc' dir='ltr'>λοξὸν</span> <span class='ocrx_word' id='word_1_173' title='bbox 531 3239 626 3305; x_wconf 82' lang='grc' dir='ltr'>ὄμμασι</span> <span class='ocrx_word' id='word_1_174' title='bbox 641 3240 774 3306; x_wconf 82' lang='grc' dir='ltr'><strong>βλέπουσα,</strong></span> 
     </span>
     <span class='ocr_line' id='line_1_25' title="bbox 452 3326 809 3391; baseline -0.003 -14"><span class='ocrx_word' id='word_1_175' title='bbox 452 3329 543 3387; x_wconf 78' lang='grc' dir='ltr'>νηλεῶς</span> <span class='ocrx_word' id='word_1_176' title='bbox 557 3327 662 3391; x_wconf 80' lang='grc' dir='ltr'>φεύγεις,</span> <span class='ocrx_word' id='word_1_177' title='bbox 674 3327 768 3383; x_wconf 78' lang='grc' dir='ltr'>δοκέεις</span> <span class='ocrx_word' id='word_1_178' title='bbox 782 3326 809 3376; x_wconf 82' lang='grc' dir='ltr'><strong>δὲ</strong></span> 
     </span>
     <span class='ocr_line' id='line_1_26' title="bbox 451 3411 766 3477; baseline -0.022 -12"><span class='ocrx_word' id='word_1_179' title='bbox 451 3412 475 3477; x_wconf 83' lang='grc' dir='ltr'><strong>μ’</strong></span> <span class='ocrx_word' id='word_1_180' title='bbox 490 3412 559 3464; x_wconf 84' lang='grc' dir='ltr'>οὐδὲν</span> <span class='ocrx_word' id='word_1_181' title='bbox 574 3411 662 3461; x_wconf 77' lang='grc' dir='ltr'><strong>εἰδέναι</strong></span> <span class='ocrx_word' id='word_1_182' title='bbox 674 3411 766 3476; x_wconf 74' lang='grc' dir='ltr'><strong>σσφόνς</strong></span> 
     </span>
     <span class='ocr_line' id='line_1_27' title="bbox 452 3495 810 3560; baseline -0.006 -12"><span class='ocrx_word' id='word_1_183' title='bbox 452 3496 500 3548; x_wconf 82' lang='grc' dir='ltr'>ἴσθι</span> <span class='ocrx_word' id='word_1_184' title='bbox 513 3514 561 3556; x_wconf 82' lang='grc' dir='ltr'><strong>τοι,</strong></span> <span class='ocrx_word' id='word_1_185' title='bbox 575 3498 656 3553; x_wconf 76' lang='grc' dir='ltr'><strong>καλῶς</strong></span> <span class='ocrx_word' id='word_1_186' title='bbox 669 3496 712 3560; x_wconf 82' lang='grc' dir='ltr'><strong>μὲν</strong></span> <span class='ocrx_word' id='word_1_187' title='bbox 726 3495 754 3548; x_wconf 83' lang='grc' dir='ltr'><strong>ἄν</strong></span> <span class='ocrx_word' id='word_1_188' title='bbox 770 3514 810 3548; x_wconf 83' lang='grc' dir='ltr'><strong>σοι</strong></span> 
     </span>
     <span class='ocr_line' id='line_1_28' title="bbox 451 3579 756 3647; baseline -0.013 -16"><span class='ocrx_word' id='word_1_189' title='bbox 451 3581 493 3631; x_wconf 83' lang='grc' dir='ltr'><strong>τὸν</strong></span> <span class='ocrx_word' id='word_1_190' title='bbox 506 3580 602 3647; x_wconf 73' lang='grc' dir='ltr'><strong>χαλινὸν</strong></span> <span class='ocrx_word' id='word_1_191' title='bbox 618 3579 756 3644; x_wconf 57' lang='lat' dir='ltr'><strong>epitimiis,</strong></span> 
     </span>
     <span class='ocr_line' id='line_1_29' title="bbox 452 3663 777 3731; baseline -0.006 -16"><span class='ocrx_word' id='word_1_192' title='bbox 452 3667 521 3727; x_wconf 79' lang='grc' dir='ltr'><strong>ἡνίας</strong></span> <span class='ocrx_word' id='word_1_193' title='bbox 533 3664 554 3714; x_wconf 87' lang='grc' dir='ltr'><strong>δ’</strong></span> <span class='ocrx_word' id='word_1_194' title='bbox 569 3663 632 3731; x_wconf 84' lang='grc' dir='ltr'><strong>ἔχων</strong></span> <span class='ocrx_word' id='word_1_195' title='bbox 647 3664 777 3730; x_wconf 67' lang='grc' dir='ltr'><strong>στρέφοιμι</strong></span> 
     </span>
     <span class='ocr_line' id='line_1_30' title="bbox 451 3748 752 3817; baseline -0.017 -15"><span class='ocrx_word' id='word_1_196' title='bbox 451 3750 513 3817; x_wconf 78' lang='grc' dir='ltr'><strong>ἀμφὶ</strong></span> <span class='ocrx_word' id='word_1_197' title='bbox 525 3750 637 3815; x_wconf 84' lang='grc' dir='ltr'><strong>τέρματα</strong></span> <span class='ocrx_word' id='word_1_198' title='bbox 648 3748 752 3814; x_wconf 83' lang='grc' dir='ltr'><strong>δρόμου.</strong></span> 
     </span>
    </p>

    <p class='ocr_par' dir='ltr' id='par_1_12' title="bbox 451 3830 949 4236">
     <span class='ocr_line' id='line_1_31' title="bbox 454 3830 843 3898; baseline -0.013 -14"><span class='ocrx_word' id='word_1_199' title='bbox 454 3831 508 3884; x_wconf 75' lang='grc' dir='ltr'><strong>Νῦν</strong></span> <span class='ocrx_word' id='word_1_200' title='bbox 519 3832 546 3882; x_wconf 80' lang='grc' dir='ltr'><strong>δὲ</strong></span> <span class='ocrx_word' id='word_1_201' title='bbox 558 3832 679 3898; x_wconf 70' lang='lat' dir='ltr'><strong>lapitri&lt;</strong></span> <span class='ocrx_word' id='word_1_202' title='bbox 692 3848 718 3881; x_wconf 88' lang='grc' dir='ltr'><strong>τε</strong></span> <span class='ocrx_word' id='word_1_203' title='bbox 731 3830 843 3898; x_wconf 80' lang='grc' dir='ltr'><strong>βόσκεαι,</strong></span> 
     </span>
     <span class='ocr_line' id='line_1_32' title="bbox 451 3916 826 3984; baseline -0.003 -17"><span class='ocrx_word' id='word_1_204' title='bbox 451 3916 535 3983; x_wconf 77' lang='grc' dir='ltr'>κοῦφά</span> <span class='ocrx_word' id='word_1_205' title='bbox 544 3934 571 3968; x_wconf 85' lang='grc' dir='ltr'><strong>τε</strong></span> <span class='ocrx_word' id='word_1_206' title='bbox 587 3917 716 3984; x_wconf 75' lang='grc' dir='ltr'><strong>σκιρτῶσα</strong></span> <span class='ocrx_word' id='word_1_207' title='bbox 727 3916 826 3973; x_wconf 75' lang='grc' dir='ltr'><strong>παίζεις.</strong></span> 
     </span>
     <span class='ocr_line' id='line_1_33' title="bbox 452 4002 752 4068; baseline -0.013 -15"><span class='ocrx_word' id='word_1_208' title='bbox 452 4002 534 4059; x_wconf 60' lang='lat' dir='ltr'><strong>Aetati</strong></span> <span class='ocrx_word' id='word_1_209' title='bbox 546 4003 593 4068; x_wconf 81' lang='grc' dir='ltr'><strong>γὰρ</strong></span> <span class='ocrx_word' id='word_1_210' title='bbox 607 4002 752 4067; x_wconf 83' lang='grc' dir='ltr'>ῑπποπείρην</span> 
     </span>
     <span class='ocr_line' id='line_1_34' title="bbox 452 4087 734 4154; baseline -0.004 -16"><span class='ocrx_word' id='word_1_211' title='bbox 452 4087 500 4138; x_wconf 76' lang='grc' dir='ltr'><strong>οὐκ</strong></span> <span class='ocrx_word' id='word_1_212' title='bbox 511 4088 574 4154; x_wconf 78' lang='grc' dir='ltr'>ἔχεις</span> <span class='ocrx_word' id='word_1_213' title='bbox 585 4087 734 4153; x_wconf 67' lang='lat' dir='ltr'><strong>ineptiarum</strong></span> 
     </span>
     <span class='ocr_line' id='line_1_35' title="bbox 685 4165 949 4236; baseline -0.008 -16"><span class='ocrx_word' id='word_1_214' title='bbox 685 4170 774 4221; x_wconf 72' lang='lat' dir='ltr'><strong>Anser.</strong></span> <span class='ocrx_word' id='word_1_215' title='bbox 786 4172 882 4236; x_wconf 77' lang='lat' dir='ltr'><strong>Fragm.</strong></span> <span class='ocrx_word' id='word_1_216' title='bbox 898 4165 949 4218; x_wconf 85' lang='lat' dir='ltr'><strong>vll.</strong></span> 
     </span>
    </p>
   </div>
   <div class='ocr_carea' id='block_1_10' title="bbox 168 4275 467 4348">
    <p class='ocr_par' dir='ltr' id='par_1_13' title="bbox 168 4275 467 4348">
     <span class='ocr_line' id='line_1_36' title="bbox 168 4275 467 4348; baseline -0.02 -16"><span class='ocrx_word' id='word_1_217' title='bbox 168 4279 205 4348; x_wconf 80' lang='grc'><strong>(3)</strong></span> <span class='ocrx_word' id='word_1_218' title='bbox 222 4279 281 4331; x_wconf 84' lang='lat' dir='ltr'><strong>Hor.</strong></span> <span class='ocrx_word' id='word_1_219' title='bbox 295 4279 375 4329; x_wconf 75' lang='lat' dir='ltr'><strong>carm.</strong></span> <span class='ocrx_word' id='word_1_220' title='bbox 389 4275 410 4337; x_wconf 90' lang='lat'><strong>1,</strong></span> <span class='ocrx_word' id='word_1_221' title='bbox 425 4279 467 4328; x_wconf 77' lang='lat'><strong>2³.</strong></span> 
     </span>
    </p>
   </div>
   <div class='ocr_carea' id='block_1_11' title="bbox 17 4360 487 4432">
    <p class='ocr_par' dir='ltr' id='par_1_14' title="bbox 17 4360 487 4432">
     <span class='ocr_line' id='line_1_37' title="bbox 17 4360 487 4432; baseline -0.011 -15"><span class='ocrx_word' id='word_1_222' title='bbox 17 4410 21 4417; x_wconf 93' lang='lat'>.</span> <span class='ocrx_word' id='word_1_223' title='bbox 167 4365 205 4432; x_wconf 73' lang='lat' dir='ltr'><strong>(l)</strong></span> <span class='ocrx_word' id='word_1_224' title='bbox 222 4363 283 4415; x_wconf 82' lang='lat' dir='ltr'><strong>Hor.</strong></span> <span class='ocrx_word' id='word_1_225' title='bbox 301 4363 381 4412; x_wconf 77' lang='lat' dir='ltr'><strong>cam.</strong></span> <span class='ocrx_word' id='word_1_226' title='bbox 397 4360 429 4424; x_wconf 89' lang='grc' dir='ltr'><strong>ΙΙ,</strong></span> <span class='ocrx_word' id='word_1_227' title='bbox 447 4363 487 4412; x_wconf 82' lang='grc'><strong>10.</strong></span> 
     </span>
    </p>
   </div>
   <div class='ocr_carea' id='block_1_12' title="bbox 0 0 1406 4770">
    <p class='ocr_par' dir='ltr' id='par_1_15' title="bbox 0 0 1406 4770">
     <span class='ocr_line' id='line_1_38' title="bbox 0 0 1406 4770; baseline 0 0"><span class='ocrx_word' id='word_1_228' title='bbox 0 0 1406 4770; x_wconf 95' lang='lat' dir='ltr'><strong> </strong></span> 
     </span>
    </p>
   </div>
  </div>
 </body>
</html>
