2790 4770
637 377 839 442 -158-

163 528 312 620 ὀμμάτων
329 523 534 621 {apparatae
550 530 626 623 πρὸς
649 531 686 598 τὸ
705 534 782 622 ἔχειν
808 534 864 606 την
886 522 1029 623 δύναμιν,
1048 531 1084 606 ἢν
1110 542 1160 597 νῦν
1180 529 1319 621 εἴληχεν,

163 655 308 749 εἰρήσθω·
324 656 361 724 τὸ
382 645 418 721 δὲ
436 659 580 749 μέγιστον
600 658 702 724 αὐτῶν
722 654 763 736 εἰς
783 660 929 747 ὠφέλειαν
950 659 1050 754 ἔργον,
1075 649 1115 725 δι’
1136 656 1152 725 ὃ
1171 657 1236 736 θεὸς
1253 654 1321 725 αὖθ’

159 787 231 873 ἡμῖν
253 771 441 871 δεδώρηται,
463 781 543 873 μετὰ
563 790 659 850 τοῦτο
676 784 794 877 ῥητέον.
815 764 897 872 ὄψις
917 775 955 859 <ll
971 780 1052 852 κατὰ
1069 783 1121 851 τὸν
1137 784 1210 876 ἐμὸν
1224 784 1323 877 λόγον

162 904 244 974 αἰτία
263 917 319 987 τῆς
337 905 482 1002 μεγίστης
505 907 651 1001 ὠφελείας
664 910 786 1002 γέγονεν
806 913 890 1001 ἡμῖν,
912 910 961 977 ὅτι
982 921 1043 977 τῶν
1062 919 1113 976 νῦν
1135 909 1237 1004 λόγων
1251 908 1336 1002 περὶι

162 1043 219 1101 τοῦ
235 1031 353 1112 παντὸς
375 1036 546 1128 λεγομένων
572 1025 671 1112 οὐδεὶς
701 1030 737 1102 οἷν
761 1060 839 1103 ποτε
868 1024 975 1129 &ppido
1003 1037 1080 1124 pnite
1110 1032 1213 1126 ἄστρα
1242 1040 1320 1130 μήτε

162 1164 248 1235 ἥλιον
265 1161 343 1251 μήτε
358 1159 481 1250 οὐρανὸν
496 1151 635 1229 ἰδόντων.
650 1165 716 1230 Νῦν
733 1151 763 1225 δ’
777 1161 877 1256 ἡμέρα
892 1187 925 1227 τε
940 1161 992 1229 καὶ
1006 1155 1059 1241 νὺξ
1075 1162 1212 1254 ὀφθεῖσαι
1230 1165 1321 1259 μῆνές

165 1311 200 1353 τε
216 1285 268 1353 καὶ
283 1288 424 1352 ἐνιαυτῶν
444 1278 581 1380 περίοδοι
605 1286 841 1380 μεμηχάνηνται
865 1289 919 1375 μὲν
938 1287 1079 1383 ἀριθμὸν,
1098 1289 1209 1381 χρόνον
1227 1280 1262 1356 δὲ
1278 1290 1322 1357 ἔν-

164 1437 246 1478 νοιαν
261 1411 330 1503 περί
342 1437 375 1479 τε
395 1420 450 1504 τῆς
464 1421 521 1479 τοῦ
535 1414 653 1493 παντὸς
669 1415 784 1504 φύσεως
806 1406 933 1494 ζήτησιν
957 1405 1081 1501 ἔδοσαν,
1106 1408 1139 1493 ἐξ
1164 1412 1204 1481 ὧν
1221 1417 1321 1510 ἐπορι-

164 1535 283 1627 σάμεθα
307 1537 493 1629 Φιλοσοφίας
516 1540 615 1632 γένος’,
640 1536 674 1606 οὗ
704 1531 803 1631 μεῖζον
830 1540 942 1635 ἀγαθὸν
967 1544 1030 1609 οὔτ’
1049 1537 1139 1615 ἦλθεν
1165 1544 1239 1610 οὕτε
1258 1537 1323 1623 ἥξει

166 1661 242 1729 ποτὲ
257 1668 303 1748 τῷ
322 1661 423 1748 θνητῷ
439 1663 516 1756 γένει
531 1654 665 1757 dupundiu
688 1666 723 1730 ἐκ
742 1663 827 1731 θεῶν.

167 2052 273 2122 causis,
285 2060 317 2111 ut
330 2051 463 2127 haberent
477 2067 538 2110 eam
550 2052 627 2123 vim,
639 2067 725 2125 quam
736 2067 811 2108 nune
823 2051 942 2121 habent,
962 2051 1030 2108 satis
1040 2051 1128 2109 ferme
1144 2065 1205 2109 esse
1216 2050 1323 2109 dietum

167 2186 244 2251 puto.
257 2178 380 2235 illatima
392 2186 486 2236 autem
498 2193 597 2236 eorum
605 2178 713 2236 utilitas
723 2177 825 2236 donata
836 2177 960 2234 humano
972 2176 1064 2250 generi
1074 2178 1201 2235 Deorum
1210 2191 1325 2235 munere

167 2300 296 2374 deinceps
308 2300 469 2374 explicetur.
482 2304 589 2360 Rerum
604 2302 678 2360 enim
696 2303 863 2376 optimarum
881 2303 1055 2376 cognitiones
1071 2301 1151 2360 nobis
1163 2301 1238 2359 oculi
1249 2308 1324 2359 ahu·

167 2426 271 2517 lerunt.
284 2428 356 2483 Nam
371 2426 448 2495 haeo,
461 2436 577 2500 quaeest
591 2428 684 2486 habita
696 2429 730 2486 de
739 2411 923 2486 Universitate
939 2427 1029 2486 oratio
1043 2444 1059 2485 a
1073 2427 1170 2499 nohis,
1186 2427 1262 2485 haud
1275 2443 1326 2485 un·

169 2564 255 2623 quam
267 2555 340 2606 esset
352 2547 474 2617 inventa,
486 2548 508 2605 si
520 2565 610 2623 neque
620 2548 723 2620 sidera,
734 2566 823 2624 neque
833 2549 892 2620 Sol,
903 2565 995 2622 neque
1007 2549 1110 2607 ooelum
1120 2549 1172 2606 suh
1182 2549 1326 2607 oculorum

171 2673 333 2746 adspectum
343 2673 443 2732 eadere
452 2674 616 2749 potuissent.
629 2678 710 2733 Nunc
722 2686 786 2733 vero
798 2674 857 2732 dies
866 2685 1018 2749 noctesque
1029 2675 1117 2734 oculis
1126 2676 1255 2749 cognitae,
1265 2685 1327 2733 tum

170 2796 310 2884 mensium
321 2812 513 2871 annorumque
525 2798 720 2856 conversiones
732 2799 767 2857 ad
781 2815 932 2857 numerum
944 2800 1112 2858 machinatae
1124 2809 1206 2873 sunt,
1221 2809 1249 2859 et
1264 2817 1326 2875 spa·

170 2922 241 2981 tlum
253 2924 386 2997 temporis
399 2924 536 2981 demensa
549 2932 624 2994 suut,
638 2933 666 2982 et
677 2924 712 2982 ad
722 2920 905 2999 qtraestlonem
917 2927 1003 2983 totius
1015 2929 1128 2984 Naturae
1140 2926 1324 3000 impuleruntt

170 3046 270 3120 quihus
283 3062 317 3102 ex
330 3047 413 3104 rebus
426 3046 633 3118 Philosophiam
652 3047 742 3120 adepti
755 3064 866 3117 sumus3
883 3064 938 3121 quo
950 3048 1023 3105 bono
1038 3049 1147 3105 nullum
1165 3048 1325 3122 optabilius,

171 3172 281 3228 nullum
291 3172 486 3244 praestantius,
500 3188 589 3245 neque
601 3172 697 3230 datum
713 3181 755 3232 est
765 3173 927 3230 mortalium
943 3175 1036 3248 generi
1057 3178 1183 3233 Deorum
1196 3190 1329 3234 concessu

171 3322 252 3390 atque
266 3330 393 3387 munere,
406 3331 496 3387 neque
508 3313 623 3373 dabitur
634 3318 679 3390 (1).

616 3480 692 3534 Multa
706 3482 880 3535 desiderantum

206 3810 242 3875 (t)
260 3809 376 3861 Eumdem
388 3810 533 3864 senteutiam
545 3810 573 3860 in
585 3809 699 3862 heodem.
709 3812 738 3878 (Ι,
748 3811 774 3877 2)
787 3809 912 3861 transtulit
928 3810 1030 3861 Cicero:
1043 3810 1095 3861 hoee
1108 3809 1183 3862 eliam
1193 3810 1220 3861 in
1231 3810 1329 3863 Tuscul.

173 3903 257 3964 quaest.
270 3895 297 3958 (l,
311 3898 353 3964 26)
367 3896 479 3963 scripsit:
496 3917 509 3942 ιι
523 3895 681 3963 Philosophia
695 3912 762 3957 veru,
777 3896 887 3946 omnium
907 3905 986 3948 mater
997 3896 1098 3960 ortium,
1119 3895 1180 3962 quid
1197 3905 1235 3949 est
1251 3896 1328 3974 uliud,

172 3982 230 4043 uisi,
243 3990 272 4033 ut
284 3982 354 4033 Pluto
368 3982 411 4042 ait,
427 3981 527 4043 donum,
542 3990 572 4034 ut
583 3997 636 4048 ego,
656 3981 783 4034 inuentum
796 3980 920 4033 Deorum?
932 4003 944 4026 ν

716 4213 786 4239 ...i-
