2790 4770
537 322 735 386 -215-

190 586 364 640 AUCTORUM
382 586 585 639 DtVERSORUM
599 586 662 638 anu
681 586 752 639 LOCl
766 586 787 636 Α
802 583 958 638 CICERONE
974 580 1086 633 clrnrl.

98 769 178 845 Cin,
196 770 233 832 de
250 770 327 849 Off„
353 772 389 846 ΙΙ,
405 787 475 851 cap.
502 774 558 833 tt:
575 806 611 817 -
626 771 703 832 Mihi
724 769 858 850 (pridem
872 787 936 830 non
949 768 1034 846 apud
1047 767 1157 828 Medos
1172 782 1220 827 so·

56 883 139 954 lum,
168 885 204 941 ut
218 878 262 941 ait
281 879 475 953 Herodotus
493 878 546 939 sed
566 878 662 940 etiarn
682 879 768 958 apud
784 877 919 957 rnaj0res
936 881 1073 950 nostres,
1087 871 1219 953 justitiae

55 987 204 1050 fruendae
220 1003 314 1048 eausa
330 986 479 1049 videntur
492 985 570 1047 olim
593 986 674 1048 bene
689 986 802 1047 nrorati
820 1002 908 1063 reges
928 980 1093 1046 constituti
1107 980 1159 1060 (t).

97 1094 179 1169 Cia,
195 1094 232 1155 ele
247 1096 399 1172 Divinae,
409 1095 433 1170 l,
444 1112 513 1172 ειη).
528 1096 566 1156 53
584 1114 645 1155 :-
660 1094 807 1173 Ejusdem
823 1093 946 1172 generis
959 1091 1055 1153 etiarn
1065 1089 1144 1152 iilud
1161 1091 1219 1161 est,

55 1206 149 1287 quod
175 1205 285 1267 scribit
312 1206 493 1268 Herodotus
513 1224 519 1266 :
537 1202 632 1267 Croesi
648 1203 761 1278 tilium,
790 1220 891 1284 quum
913 1206 996 1264 esset
1010 1199 1121 1273 inians,
1136 1200 1223 1259 loen·

57 1321 147 1389 tum3
175 1331 240 1393 quo
277 1318 402 1375 ostento
429 1329 563 1393 regnum
599 1311 695 1392 patris
726 1317 758 1372 et
783 1313 916 1373 domum
944 1307 1088 1371 funditus
1114 1305 1222 1369 eenri-

56 1418 146 1479 disse
165 1416 217 1497 (θ).

101 1522 180 1599 Cin,
196 1522 325 1599 denia,
339 1525 364 1599 1,
375 1541 444 1605 cap.
458 1528 496 1586 27
515 1544 522 1586 :
541 1560 575 1570 -
586 1526 665 1586 Nam
676 1542 777 1605 quum
793 1524 891 1586 semel
907 1527 954 1585 est
968 1525 1115 1599 suscepta
1129 1521 1222 1582 beata

56 1630 137 1704 vita,
154 1632 217 1692 tarn
229 1636 394 1708 permanet
410 1649 506 1710 quarn
522 1629 589 1710 ipsa
607 1631 660 1692 iila
683 1632 823 1694 eiieetrix
841 1631 941 1693 heatae
955 1632 1027 1692 vita
1049 1629 1221 1708 sapientia3

56 1756 168 1818 neque
181 1744 342 1818 exspectat
354 1735 504 1799 ultimum
514 1740 751 1818 ternpusaetaiis
769 1762 775 1803 :
794 1742 879 1820 quod
893 1739 1224 1803 CroesnscribitHero·

59 1847 160 1908 dotus
185 1851 383 1926 praeceptum
407 1847 570 1908 aSotone.
587 1880 627 1894 -
648 1849 747 1923 Idem,
769 1848 805 1908 de
825 1848 909 1921 Fun,
928 1849 979 1922 lii,
997 1862 1066 1924 cap.
1086 1848 1147 1907 aa:
1167 1846 1225 1906 Ne·

59 1973 128 2037 que
142 1959 305 2034 exspectet
320 1954 472 2016 ultimum
495 1961 620 2035 tenipus
636 1958 748 2032 astatis,
769 1963 884 2018 uttunr
898 1954 1035 2035 denique
1047 1952 1220 2033 judicetur,

57 2063 215 2126 beatusne
241 2061 347 2139 fuerit,
377 2079 477 2143 qunrn
498 2067 677 2124 extremum
707 2063 778 2125 vitai
796 2062 881 2124 diern
904 2067 1007 2123 morte
1022 2059 1221 2121 coniecerit:

58 2172 151 2253 quod
173 2171 223 2232 iile
248 2189 360 2232 unuse
376 2174 499 2249 septeni
523 2170 718 2248 sapientibus
737 2191 800 2232 uun
816 2172 975 2250 sapienter
993 2171 1135 2231 Croesnnr
1156 2185 1223 2230 1110·

58 2276 145 2340 nuit.
162 2279 238 2340 Nam
268 2278 292 2339 si
312 2278 422 2340 heatus
447 2296 588 2360 unquanr
615 2277 735 2353 suisset,
753 2278 877 2340 beatam
897 2279 993 2340 vitam
1011 2295 1112 2356 usque
1131 2277 1168 2338 att
1188 2274 1224 2336 it-

60 2387 134 2451 lum
150 2404 168 2446 a
184 2387 263 2466 Cyro
282 2391 481 2449 exstructum
507 2404 618 2463 rogum
636 2386 818 2465 pertulisset
831 2384 883 2463 (3).

102 2491 182 2569 Ciu,
197 2492 372 2570 Tusculana„
390 2495 413 2571 1,
431 2512 500 2572 cap.
516 2499 553 2555 ti
570 2495 728 2556 :Deorum
739 2492 970 2554 iuunortaliuur
983 2489 1104 2571 judicia
1120 2491 1223 2552 solent

57 2599 94 2665 in
109 2601 226 2665 scholis
243 2603 386 2682 preferre
410 2601 449 2665 de
465 2610 581 2677 morte,
606 2619 666 2664 nee
685 2618 758 2664 vero
781 2618 817 2662 ea
839 2601 956 2680 ssngere
973 2598 1045 2680 ipsi,
1059 2599 1114 2660 sed
1128 2600 1225 2661 llere·

55 2891 216 2955 πολεμῆσαι·
231 2887 395 2954 συμθουλεόει
414 2890 450 2955 τῷ
466 2889 615 2955 Ξενοφῶντι,
635 2889 729 2941 ἐλθόντι
746 2890 780 2947 ιλς
798 2888 916 2954 Δελφοὺς,
935 2889 1101 2938 ἀνακοινῶσαι
1119 2889 1154 2953 τῷ
1173 2888 1221 2953 θεῷ

57 2974 118 3042 περὶ
131 2976 175 3037 τῆς
185 2975 294 3042 πορείας.
307 2994 319 3020 n

94 3059 133 3125 (t)
150 3058 189 3109 Gi.
204 3058 329 3119 Heroden,
340 3058 360 3118 l,
376 3076 429 3128 cap.
445 3063 474 3111 θλ
490 3077 496 3109 z
510 3082 521 3106 a
538 3061 574 3110 Οὐ
589 3061 636 3125 γὰρ
651 3061 680 3120 δὴ
694 3059 779 3126 τρόπῳ
793 3060 828 3124 τῷ
841 3058 958 3125 παρεόντι
969 3058 1110 3123 χρεώμενοι
1124 3059 1224 3109 δυνατοί

58 3146 129 3210 εἰμεν
143 3145 232 3195 οθκέειν
246 3145 289 3206 τὴν
302 3146 396 3213 χώρην,
411 3146 468 3212 φέρε
478 3146 608 3209 στήσωμεν
624 3144 708 3208 ἡμέων
722 3145 803 3194 αὐτῶν
821 3145 937 3209 βασιλέα·
952 3145 994 3194 καὶ
1004 3141 1071 3195 οὔτω
1085 3145 1101 3204 ἥ
1116 3160 1142 3193 τε
1152 3145 1221 3212 χώρη

59 3231 241 3296 τῦνομήσεται,
263 3230 304 3282 καὶ
322 3231 394 3281 αὐτοὶ
414 3231 475 3297 πρὸς
490 3230 550 3296 ἔργα
573 3229 726 3297 τρεψόμεθα,
746 3229 803 3280 οὐδὲ
823 3227 865 3279 ὑπ’
888 3229 990 3295 ἀνομίης
1012 3230 1148 3281 ἀνάστατοι
1167 3228 1222 3280 έσόκ

58 3318 164 3382 pana.»
916 3372 923 3385 .

95 3401 132 3467 (θ)
151 3401 206 3451 vid.
229 3400 354 3462 Heroden,
367 3400 387 3460 Ι,
410 3417 463 3469 cap.
479 3403 511 3451 85
528 3410 552 3451 et
568 3406 599 3452 8ss
615 3419 620 3450 z
635 3423 646 3444 n
717 3402 747 3449 ι0
761 3400 787 3450 δὲ
801 3400 857 3456 παῖς
876 3391 949 3459 οὗτος
965 3403 979 3452 ό
996 3401 1104 3467 ἄφωνος,
1122 3404 1155 3458 ὡς
1174 3393 1223 3450 εἶδε

59 3486 165 3538 όπέοντα
177 3486 219 3536 τὸν
234 3487 343 3552 Πέρσην,
355 3486 404 3536 ὑπὸ
417 3486 488 3543 δέους
502 3486 585 3537 τεκαὶ
602 3484 683 3536 κακοῦ
699 3484 784 3552 ἔρρηξε
796 3487 890 3549 ρωνήν,
904 3478 957 3537 εἶπε
971 3487 997 3537 δέ
1010 3502 1017 3515 ·
1032 3488 1175 3553 ’Ὦνθρωπτ,
1188 3487 1221 3549 μὴ

59 3573 142 3623 κτεῖνι
156 3572 274 3638 Κροῖσον.
285 3595 297 3615 n
310 3573 340 3621 Oi
353 3571 379 3620 δὲ
394 3573 489 3639 Πέρσαι
503 3571 547 3628 τός
563 3588 589 3621 τε
606 3573 634 3632 δὴ
650 3571 737 3639 Σάρδις
751 3571 823 3637 ἔσχον
841 3572 883 3621 καὶ
896 3573 970 3623 αὐτόν
991 3573 1098 3640 Ιιροῐσον
1114 3571 1222 3638 ἐζώγρη-

61 3672 123 3716 σαν,
143 3654 250 3723 ἄρξαντα
268 3654 324 3706 ἔτεα
343 3658 567 3723 τεσσερεσκαίδεκα
587 3657 629 3708 καὶ
649 3656 875 3721 τεσσερεσκαίδεκα
894 3659 988 3725 Ιἡμέρας
1011 3657 1223 3722 πολιορκηθέντα,

61 3742 126 3792 κατὰ
140 3741 169 3791 τό
183 3742 334 3809 χρηστήριόν
350 3758 377 3792 τε
390 3742 587 3793 καταπαύσαντα
599 3745 642 3803 τήν
659 3740 755 3792 ἑωυτοῦ
772 3744 878 3807 μεγάλην
890 3744 977 3810 ἀρχήν.
992 3766 1004 3785 υ

96 3823 133 3890 (3)
153 3823 191 3875 Cf.
207 3824 307 3885 Herod„
323 3825 342 3887 Ι,
358 3842 412 3893 rap.
429 3830 460 3878 32
474 3845 479 3876 1
492 3849 503 3871 ν
579 3829 650 3893 'spat
663 3828 689 3878 δὲ
711 3827 741 3877 σὺ
765 3830 807 3879 καὶ
828 3829 953 3878 πλουτέειν
976 3827 1019 3892 μὲν
1044 3828 1108 3892 μέγα
1127 3827 1223 3892 φαίνεαι

62 3908 105 3959 καὶ
122 3910 238 3975 βασιλεὺς
251 3902 316 3961 εἶναι
333 3911 428 3961 πολλῶν
444 3910 597 3977 ἀνθρώπων
614 3912 695 3963 έκεῖνο
713 3913 739 3962 δὲ
757 3913 786 3963 τό
801 3912 867 3980 εἴρεό
881 3930 926 3978 με,
944 3913 1013 3963 οὔκω
1031 3928 1059 3963 σε
1079 3912 1128 3975 ἐγὼ
1148 3913 1221 3975 λέγω,

62 3996 118 4063 πρὶν
133 3995 163 4047 ἄν
184 3997 367 4055 τελευτήσαντα
384 3996 466 4053 καλῶς
484 3996 525 4047 τὸν
546 3998 624 4048 αἰῶνα
643 3997 768 4063 πύθωμαι.
786 4019 798 4043 n
814 3998 857 4049 itta
877 3999 958 4048 Cr'uuo
977 3997 1051 4048 Solon
1070 3998 1198 4063 respondet
1213 4032 1220 4047 .

64 4079 176 4147 Namque
189 4079 248 4130 huie
262 4097 303 4130 rex
312 4081 362 4146 jam
372 4097 444 4146 νιιριιι
454 4080 563 4132 dixerat:
576 4103 586 4124 ν
599 4084 650 4131 Νῦν
665 4077 699 4131 ὧν
713 4085 798 4150 ἵμερος
810 4082 948 4150 έπείρεσθαὶ
963 4100 1005 4147 μοι
1019 4083 1118 4143 ἐπῆλθε,
1132 4080 1157 4131 εἴ
1168 4098 1223 4130 τινα

62 4164 110 4227 ἤδη
123 4165 225 4215 πάντων
238 4158 300 4222 εἶδες
312 4166 463 4216 θλόιώτατον
479 4190 491 4209 ν
505 4167 567 4233 (rap.
585 4170 638 4230 30).
661 4167 719 4217 ltern
735 4168 818 4216 eodeni
834 4166 909 4227 libro,
926 4183 979 4232 rap
996 4171 1027 4217 86
1040 4182 1046 4216 :
1061 4187 1073 4210 «
1095 4167 1183 4231 ...Τῶ
1197 4167 1222 4216 δὲ

65 4250 166 4316 Κροίσῳ
179 4250 282 4300 έστεῶτι
296 4250 335 4300 aa
347 4251 391 4310 τῆς
403 4251 482 4317 πυρῆς
496 4251 611 4308 ἐσελθεῖν,
628 4252 714 4317 καίπερ
730 4250 755 4300 έν
771 4253 842 4317 κακῷ
858 4253 923 4302 ἐόντι
938 4251 1061 4315 τοσούτῳ,
1075 4251 1103 4301 τὸ
1118 4256 1162 4302 τοῦ
1176 4252 1222 4301 Σό-

63 4336 149 4396 λωνος,
169 4336 203 4392 ὡς
217 4336 240 4385 οἱ
254 4333 293 4395 sin
307 4335 353 4386 σὺν
369 4336 417 4400 θιῷ
431 4337 572 4404 τίρημένον,
586 4337 615 4387 τὸ
628 4338 719 4402 μηδένα
733 4331 795 4387 εἶναι
810 4337 858 4386 τῶν
870 4337 983 4394 ζωόντων
998 4337 1089 4389 ὄλόιον.
1101 4360 1113 4379 ν
