2806 4764
656 298 857 381 -2284

207 454 294 529 δίο,
305 453 342 513 de
353 453 478 525 Seueri„
492 469 561 530 cap.
587 456 605 515 3
621 472 628 512 ι
644 485 684 498 -
747 454 841 514 Pares
854 459 961 515 aulem
983 472 1057 517 oum
1073 456 1215 535 paribus,
1233 465 1337 519 velere

177 557 358 639 proverbio,
375 556 525 621 facillime
541 565 774 639 congregantur
796 560 849 641 (l).

195 699 199 705 ·
217 663 295 739 (lie,
310 665 347 726 de
359 665 490 740 Seueri„
505 682 576 742 oap.
591 668 628 727 l0
645 664 874 751 :-llidelisuo
892 671 926 728 ul
939 668 1023 744 apud
1038 668 1213 730 Homerum
1228 669 1338 749 saepis·

178 775 257 836 sime
272 775 384 835 Nestor
401 773 441 833 de
463 770 635 834 virtutihus
649 773 713 833 suis
734 771 908 852 praedioel?
923 771 1063 836 Tertiam
1077 775 1163 837 enim
1178 776 1247 855 jam
1261 779 1338 838 σεθο-

176 887 242 944 lem
267 880 435 943 hominum
454 876 578 941 vivebat
590 878 653 958 (θ);
685 895 743 941 neo
764 884 831 941 orat
855 879 884 940 ei
896 881 1081 955 verendum,
1100 899 1141 942 ne
1153 899 1227 943 vera
1240 882 1280 944 do
1303 899 1337 943 se

177 985 365 1067 praedicans,
382 983 475 1047 nimis
490 986 651 1048 videretur
664 991 719 1047 aui
733 983 872 1047 insolens
884 993 939 1049 aut
952 987 1079 1066 loquax.
1094 986 1219 1050 Etenim
1234 990 1280 1066 (ut
1293 988 1339 1050 ait

175 1094 342 1174 Homerus)
356 1093 476 1172 exejus
491 1091 598 1172 lingua
611 1093 705 1154 melle
717 1090 840 1154 duloior
854 1093 972 1154 fluebat
987 1094 1093 1155 oratio¹
1101 1093 1142 1174 (3)
1150 1111 1160 1171 3
1183 1112 1283 1174 quam
1296 1097 1338 1156 ad

146 1194 149 1199 ’
176 1199 361 1263 οιιονίιιιοιιι
375 1200 470 1261 nullis
484 1199 597 1279 egebat
612 1199 754 1278 corporis
772 1199 890 1261 viribus
908 1220 914 1261 :
933 1206 965 1262 et
982 1205 1089 1262 lumen
1103 1201 1167 1261 dux
1182 1199 1236 1262 ille
1250 1202 1338 1262 Gree-

176 1308 235 1370 oire
249 1324 406 1386 nusquam
421 1310 521 1385 optat,
549 1311 584 1367 ut
610 1304 712 1384 Ajaois
733 1306 853 1367 similes
879 1306 995 1368 habeat
1021 1307 1143 1383 decem,
1164 1313 1196 1368 at
1210 1311 1248 1368 ul
1262 1309 1339 1370 Nes-

175 1425 268 1501 toris3
298 1425 383 1504 quod
408 1423 434 1484 si
450 1422 613 1496 acciderit,
637 1441 701 1483 non
725 1421 850 1485 dubitat
874 1423 951 1503 quin
974 1422 1062 1495 brevi
1077 1422 1172 1502 Troja
1193 1423 1236 1486 sit
1253 1422 1340 1504 peri·

173 1535 245 1591 tura
271 1528 326 1609 (θ).

129 1677 132 1682 -
215 1644 291 1721 Clo,
316 1643 453 1718 roseae,
465 1645 488 1717 1,
507 1660 576 1723 σιμ.
600 1648 638 1706 26
651 1663 658 1706 :
673 1677 712 1690 -
776 1646 840 1707 Nee
851 1646 1025 1706 Homerum
1038 1645 1143 1720 audie,
1164 1646 1220 1726 qui
1236 1649 1339 1728 Gany-

176 1753 303 1814 medem
328 1768 346 1811 a
372 1748 436 1812 Diis
452 1755 579 1830 raptum
602 1749 645 1813 ait
657 1756 788 1830 propter
801 1752 947 1828 formam,
964 1756 998 1813 οι
1009 1751 1076 1813 lovi
1097 1751 1209 1814 bibere
1225 1753 1341 1815 minis-

174 1862 340 1942 trarel(5).

201 1967 297 2047 Cio,
313 1969 350 2029 de
363 1969 480 2044 Divis„
502 1971 526 2046 l,
539 1988 610 2049 cap.
625 1972 665 2031 lo
682 1988 689 2029 ε
705 1970 896 2044 —Quorum
910 1970 951 2032 de
965 1971 1065 2032 altero
1082 1970 1122 2048 (6)
1138 1970 1236 2033 etiam
1250 1974 1338 2052 apud

173 2076 291 2137 iuloros
319 2077 475 2138 Homerus
500 2074 555 2151 ait,
577 2095 592 2133 ο
616 2076 720 2137 solum
735 2093 858 2155 sapere,
877 2082 1010 2139 coeteros
1024 2076 1213 2139 umbrarum
1229 2080 1338 2158 vagari

178 2185 273 2245 modo
284 2183 337 2263 (7).
351 2205 365 2241 ν

101 2433 103 2438 ·
187 2438 189 2443 ’
206 2425 244 2490 (1)
263 2423 300 2473 ef.
313 2421 362 2473 hoo
376 2412 473 2474 oarmen
488 2422 597 2490 Odysseae
609 2423 669 2488 (VH1
686 2425 764 2489 ΜΨ

357 2558 369 2578 ν
387 2536 432 2592 Ὧς
445 2535 492 2586 αἰεὶ
506 2535 548 2585 τὸν
565 2535 651 2601 ὁμοῖον
667 2533 721 2598 ἄγει
736 2535 790 2592 θεὸς
804 2537 837 2591 ὡς
851 2536 893 2586 τὸν
906 2538 1000 2602 ὁμοῖον.
1014 2559 1027 2583 ν

207 2637 281 2687 Vetus
291 2635 352 2687 illud
367 2636 522 2703 proverbium
533 2638 583 2703 (σοι
601 2636 712 2702 superius
725 2636 791 2702 apud
805 2636 930 2688 Platonem
943 2639 1051 2705 legimus.
1069 2638 1133 2700 Quin
1146 2641 1178 2690 ad
1189 2640 1257 2692 idem
1269 2616 1339 2694 ullu·

172 2722 214 2772 det
228 2721 382 2771 Aristaenelus
396 2721 485 2792 (Epist.
499 2721 520 2780 l,
540 2723 588 2785 10),
603 2720 657 2786 quis
671 2718 783 2770 dubitat?
796 2718 892 2788 Quippe
903 2722 946 2788 qui
958 2722 1010 2772 haee
1024 2723 1167 2789 seripserit:

200 2886 202 2890 ,
225 2856 238 2880 «
259 2835 290 2884 ⁸0
303 2834 350 2899 γὰρ
364 2833 465 2890 παλαιὸς
475 2833 548 2896 λόγος
560 2826 586 2884 εὖ
600 2831 658 2898 ἔχει,
672 2834 706 2888 ὡς
719 2831 805 2895 ὁμοῖον
820 2833 898 2898 ὁμοίῳ
909 2835 974 2884 κατὰ
983 2834 1047 2885 θεῖον
1059 2834 1096 2884 ἀεὶ
1109 2836 1285 2902 προσπελάζει.
1298 2862 1312 2881 ι

209 2932 245 2998 (2)
264 2930 301 2983 cf.
316 2931 401 2991 Iliad„
417 2932 437 2993 l,
453 2935 501 2985 250
517 2941 542 2982 et
560 2940 644 2998 sqq...
655 2969 678 2983 ..
692 2956 704 2975 «
716 2936 777 2999 μετὰ
797 2934 823 2985 δὲ
844 2935 992 3002 τριτάτοισιν
1009 2935 1118 2990 ἄνασσεν
1129 2958 1141 2982 ν
1152 2955 1213 3005 quos
1229 2938 1333 3006 quidem

177 3033 258 3067 versus
269 3017 321 3082 jam
334 3016 435 3083 protuli.

207 3103 244 3166 (3)
261 3101 299 3154 Cl.
312 3096 399 3159 Istud„
415 3100 435 3161 l,
450 3102 498 3151 249
511 3117 517 3149 :
530 3121 542 3145 ιι
553 3104 604 3150 Τοῦ
615 3101 657 3151 καὶ
665 3101 714 3152 ἀπὸ
727 3104 841 3165 γλώσσης
853 3105 948 3167 μέλιτος
960 3104 1065 3169 γλυκίων
1080 3107 1132 3173 ῥέεν
1144 3107 1214 3166 αὐδή.
1229 3129 1243 3153 ιι

209 3186 245 3251 (θ)
264 3185 300 3235 el.
320 3203 349 3236 ea
362 3201 415 3252 quae
428 3184 489 3234 dicit
502 3183 667 3259 Agamemnon
683 3185 779 3251 uliud„
794 3187 884 3248 11,ιιι
901 3197 925 3238 et
939 3189 1012 3255 τηεμ).

310 3332 315 3341 ,
359 3309 372 3332 ιι
383 3285 498 3338 Τοιαῦται
511 3287 571 3337 δέκα
581 3304 624 3354 μοι
637 3289 828 3356 συμφράδμονες
841 3283 890 3340 εἶεν
908 3292 1026 3357 Ἀχαιῶν·

358 3373 394 3438 τῷ
407 3389 436 3423 κε
450 3370 503 3439 τάχ’
513 3372 618 3437 ἠμύσειε
630 3373 698 3432 πόλις
712 3375 837 3441 Πριάμοιο
850 3374 965 3436 ἄνακτος,

339 3492 342 3496 -
358 3458 441 3525 χερσὶν
453 3458 493 3522 ὑφ’
504 3459 652 3532 ἡμετέρῃσιν
668 3459 764 3511 ἁλοῦσά
775 3477 802 3510 τε
816 3462 952 3527 περθομένη
966 3478 1003 3512 τε.
1020 3483 1033 3507 ο

208 3576 243 3640 (5)
261 3575 359 3625 Homer.
374 3571 447 3623 Iliad.
461 3573 513 3632 xx,
528 3577 577 3624 232
589 3583 614 3623 et
628 3589 681 3639 sqq.
697 3591 704 3626 ι

382 3696 624 3728 ........
636 3676 684 3726 Καὶ
701 3675 810 3733 ἀντίθεος
823 3679 967 3742 Γανυμήδης

375 3762 403 3817 oc
422 3762 450 3820 δὴ
467 3761 595 3818 κάλλιστος
614 3761 703 3822 γένετο
722 3763 816 3821 θνητῶν
838 3762 989 3828 ἀνθρώπων·

376 3845 417 3894 τὸν
431 3844 473 3894 καὶ
484 3845 649 3911 ἀνηρείψαντο
664 3845 713 3896 θεοὶ
727 3846 765 3897 Διὶ
779 3846 939 3913 οἰνοχοεύειν,

375 3929 475 3985 κάλλεος
487 3930 570 3978 εἵνεκα
584 3921 632 3991 οἷο,
645 3928 675 3979 ἵν’
688 3929 831 3980 ἀθανάτοισι
845 3931 938 3993 μετείη.
953 3951 965 3975 ν
1073 3983 1075 3986 ⁴

206 4045 242 4108 (θ)
261 4043 336 4092 Paulo
350 4041 460 4107 superius
475 4017 632 4089 nominantur
646 4039 806 4106 Amphiaraus
818 4050 843 4091 et
856 4022 970 4092 Tiresios.

207 4129 243 4192 (l)
261 4126 297 4178 cl.
312 4126 411 4176 Homer.
428 4123 515 4192 odyss.
530 4123 560 4186 X,
577 4127 624 4174 lol
639 4133 663 4174 et
679 4126 749 4174 495:
819 4132 822 4137 “

373 4248 385 4272 (ι
397 4228 439 4291 Τῷ
453 4226 499 4293 γὰρ
511 4226 629 4284 τεθνηῶτι
641 4227 698 4278 νόον
709 4225 770 4293 πόρε
783 4227 950 4292 Περσεφόνεια

373 4309 418 4375 οἴῳ
430 4310 580 4360 πεπνύσθαι·
592 4313 631 4360 τοθ
646 4310 671 4359 δὲ
683 4309 752 4361 σκιαὶ
763 4305 902 4364 αΐσσοοσιν.
915 4331 929 4357 ο
