2790 4770
616 319 815 383 -252-

137 450 169 511 id
200 458 257 531 est,
288 456 512 536 tantummodo
541 456 645 518 utiles.
669 459 717 519 Ad
748 459 827 520 illud
852 465 899 523 est
921 461 1026 524 latius.
1052 464 1190 524 Omnem
1212 461 1301 523 enim

137 561 360 640 abstinentiam,
384 581 513 627 omnem
535 568 739 626 innocentiam
768 563 849 645 (quae
874 569 959 647 apud
987 571 1114 630 Graecos
1140 568 1301 630 usitatum

138 685 255 730 nomen
273 671 396 732 nullum
409 671 517 746 babet,
541 672 595 732 sed
612 671 730 733 habere
743 677 849 750 potest
863 672 1040 751 Ἀᾶλάὸειανς
1058 682 1134 736 nam
1146 679 1196 736 est
1210 678 1302 734 inno-

139 779 389 842 centia'ailectio
414 779 485 842 talis
512 779 621 856 animi,
642 798 714 861 quae
736 787 852 844 noceat
870 783 1013 861 nemini),
1038 783 1178 864 reliquas
1203 780 1301 844 etiam

139 885 270 948 virtutes
277 886 443 966 frugalitas
457 887 610 949 continet.

177 991 249 1069 Cap.
266 993 304 1052 lb
318 1011 325 1052 :
340 1023 380 1038 —
405 993 514 1071 Itaque
539 993 692 1070 praeclare
708 995 821 1070 nostri,
836 999 880 1056 ut
895 993 956 1055 alia'
972 996 1083 1071 multo,
1101 994 1298 1069 molestiam,
1365 1060 1376 1073 ,

139 1097 397 1175 sollicitudinem,
419 1116 580 1178 angorem,
603 1104 733 1179 propter
745 1087 988 1163 similitudinem
1009 1119 1183 1182 corporum
1200 1121 1301 1182 oegro-

140 1223 221 1279 rum‚
238 1206 451 1283 aegritudinem
466 1205 719 1268 nominaverunt.
738 1210 805 1269 Hoc
820 1209 1055 1286 propemodum
1074 1208 1171 1271 verbo
1197 1209 1300 1270 Graeoi

138 1329 255 1373 omnem
269 1316 364 1373 animi
380 1313 635 1391 perturbationem
650 1315 821 1393 appellant.
836 1318 959 1382 Vocant
976 1316 1062 1377 enim
1074 1315 1174 1391 ilium,
1192 1315 1299 1394 idest,

139 1420 289 1495 morbum,
312 1418 506 1500 quicumque
530 1426 578 1482 est
595 1425 700 1483 motus
724 1421 757 1482 in
778 1421 885 1483 animo
900 1420 1060 1484 turbidus.
1077 1422 1140 1483 Nos
1157 1421 1298 1488 melius:

140 1525 231 1605 eugris
251 1528 336 1588 enim
348 1529 537 1608 corporibus
552 1528 714 1590 simillima
734 1534 781 1592 est
794 1522 1093 1610 mentisaegritudO.
1162 1552 1165 1555 ·

178 1635 250 1721 Cap.
263 1637 301 1696 25
319 1655 326 1697 :
342 1671 380 1680 -
394 1636 548 1698 Omnibus
563 1635 647 1696 enim
664 1637 767 1698 modis
783 1637 935 1699 fulciendi
953 1643 1025 1699 sunt
1038 1637 1092 1716 qui
1112 1640 1223 1711 ruunt,
1239 1653 1301 1698 nec

138 1742 299 1804 cohaerere
327 1749 459 1822 possunt
486 1746 617 1823 propter
640 1744 895 1823 magnitudinem
917 1744 1117 1824 aegritudinis
1144 1762 1151 1803 :
1174 1761 1213 1804 ex
1234 1760 1301 1822 quo

139 1850 240 1928 ipsam
263 1852 471 1928 aptitudinem
492 1850 587 1926 Λύπην
611 1853 820 1933 Chrysippus,
848 1850 936 1931 quasi
961 1849 1056 1924 Λύσιν,
1078 1851 1113 1912 id
1138 1856 1187 1912 est
1216 1852 1302 1911 salu-

87 1983 88 1986 *
139 1961 251 2019 tionem
265 1959 519 2036 totiushominis,
538 1962 726 2041 appellatam
742 1964 841 2039 putat.

178 2067 305 2144 Capit
333 2085 395 2127 1-
421 2067 501 2137 Quid
526 2065 580 2129 ille
600 2066 806 2129 Terentianus
835 2063 926 2123 ἑαυτὸν
951 2063 1160 2146 τιμωρούμενος,
1187 2064 1222 2125 id
1239 2069 1301 2140 esi,

137 2177 203 2252 ipse
224 2192 256 2234 sc
272 2174 425 2252 puniens?

181 2281 312 2360 Turoni,
339 2279 395 2342 lib.
419 2284 470 2357 lv,
495 2299 564 2359 cap.
580 2285 598 2344 5
615 2302 672 2344 :-
758 2280 914 2353 Quoniam
937 2297 1011 2359 quse
1032 2278 1134 2340 Graeci
1160 2279 1235 2350 πάθη
1248 2296 1303 2339 vo·

140 2392 223 2461 cant,
239 2384 332 2447 nobis
343 2386 583 2464 perturbationes
606 2386 758 2466 appellari
780 2386 880 2465 magis
895 2365 1010 2464 placet,
1027 2402 1125 2465 quam
1140 2383 1300 2447 morbos...

139 2492 237 2553 Paulo
247 2499 318 2570 post
332 2493 410 2573 (cap.
433 2493 462 2573 6)
487 2514 493 2555 :
515 2497 570 2556 Est
583 2495 681 2574 igitur
699 2493 835 2556 Zenonis
851 2491 921 2553 haec
945 2491 1098 2566 definitio,
1118 2495 1154 2552 ut
1180 2497 1305 2568 pertar-

139 2600 220 2659 botio
240 2598 290 2675 sit,
308 2602 394 2678 quod
413 2599 501 2667 uteo<
526 2601 579 2661 ille
598 2600 686 2675 dicit,
702 2617 810 2661 aversa
825 2604 941 2660 erecta
960 2596 1094 2672 ratione,
1116 2600 1229 2657 contra
1244 2613 1302 2655 na-

139 2711 255 2781 turam,
279 2711 371 2766 animi
389 2711 553 2768 commotio.

179 2816 254 2894 Gap.
283 2817 302 2878 6
330 2836 336 2876 :
356 2848 395 2861 -
419 2816 633 2888 Quamobrem
657 2814 751 2875 simul
768 2813 892 2892 obJecta
906 2812 1027 2890 species
1042 2810 1224 2890 cujuspiam
1239 2815 1300 2881 est,

140 2932 226 3010 quod
251 2933 371 2993 bonum
386 2932 540 3005 videatur,
559 2932 597 2992 ad
617 2929 649 2990 id
672 2928 914 3006 adipiscendum
936 2923 1073 3003 impellit
1090 2924 1159 3002 ipsa
1173 2930 1302 2985 natura.

141 3041 174 3100 ld
185 3057 284 3118 quum
293 3044 476 3101 constanter
484 3040 722 3117 prudenterque
731 3039 775 3112 fit,
789 3035 948 3115 ejusmodi
958 3033 1191 3113 appetitionem
1200 3031 1302 3093 Stoici

142 3147 272 3219 Boblqca
286 3147 458 3225 appellant,
478 3164 537 3207 nos
553 3146 750 3224 appellamus
765 3145 960 3204 uoluntatem.

179 3256 252 3334 Cap.
272 3258 291 3315 8
315 3274 322 3315 :
345 3288 383 3299 —
406 3252 582 3314 Obtrectatio
601 3257 707 3314 autem
725 3257 772 3314 est
791 3269 837 3326 eo,
856 3267 951 3328 quam
972 3247 1109 3327 intelligi
1126 3249 1302 3320 Ζηλοτυπίαν

139 3364 222 3439 volo,
252 3361 406 3441 oe'gritudo
433 3379 470 3422 ex
484 3378 532 3434 en,
559 3361 644 3439 quod
669 3361 749 3421 alter
769 3374 896 3438 quoque
918 3357 1058 3434 potiatur
1073 3373 1110 3417 co
1127 3358 1213 3435 quod
1231 3356 1303 3434 ipse

142 3469 369 3549 concupiverit.
1052 3525 1054 3529 ,

180 3580 253 3656 Cap.
279 3582 297 3639 9
325 3597 331 3637 ;
354 3611 393 3621 -
413 3578 668 3639 Eacandesccntio
695 3581 802 3636 autem
823 3575 864 3635 sit
879 3574 926 3635 ira
940 3589 1072 3634 nascens
1086 3577 1117 3632 et
1133 3572 1232 3632 modo
1248 3589 1302 3632 ex·

143 3688 266 3760 sistens,
285 3703 358 3764 quoe
373 3684 500 3763 Θόμωσις
524 3687 631 3745 Graece
651 3682 776 3746 dicitur.

181 3793 294 3854 ibidem
307 3811 316 3852 :
328 3826 369 3837 —
381 3791 580 3870 Distinguunt
596 3791 676 3850 illud
693 3790 799 3863 etiam,
824 3796 859 3851 ut
876 3788 916 3850 sit
937 3789 1039 3850 libido
1053 3803 1162 3847 earum
1177 3802 1298 3860 rerum,

142 3920 213 3982 quae
236 3899 384 3961 dicuntur
408 3900 447 3959 de
474 3900 612 3977 quodam
640 3902 694 3958 aut
722 3896 913 3975 quibusdam
942 3912 950 3957 τ
977 3893 1048 3974 quoe
1077 3891 1301 3972 Κατηγορήματα

143 4007 300 4070 dialectici
316 4006 494 4084 appellant3
514 4011 550 4066 ut
574 4005 692 4067 habere
711 4003 847 4079 divitias,
870 4019 982 4079 capere
1006 4001 1154 4062 honores.

182 4118 257 4194 Cap.
283 4116 322 4175 lo
342 4133 349 4174 :
373 4146 414 4159 -
437 4115 482 4173 Ex
503 4113 793 4192 perturbationibus
809 4117 916 4172 autem
928 4112 1069 4188 primum
1084 4108 1181 4169 morbi
1197 4110 1300 4169 conli-

144 4223 281 4298 oiuntur,
298 4239 370 4300 quoe
386 4225 498 4282 vocant
522 4219 569 4280 illi
594 4220 754 4297 Νοσήματα,
784 4235 884 4297 eaque
902 4234 974 4296 quae
1003 4220 1076 4276 sunt
1107 4214 1153 4275 eis
1177 4213 1299 4308 morbis

143 4328 314 4403 contrariom
338 4344 410 4406 quae
425 4326 543 4389 habent
564 4328 602 4387 ad
627 4345 676 4387 res
696 4331 797 4387 certas
814 4324 957 4386 vitiosam
976 4319 1185 4384 offensionem
1202 4326 1298 4400 atque
