2790 4770
657 339 857 404 -246-

127 507 131 514 ·
219 481 292 560 Cap.
310 483 328 542 5
346 499 354 543 :
370 481 463 544 -Ut
485 481 672 556 Heraclitus,
694 485 905 560 cognomento
919 480 974 559 qui
987 478 1124 546 Σκοτεινός
1135 478 1340 557 perhibetur,

179 588 252 668 quia
268 588 308 649 de
322 592 433 648 natura
444 587 539 647 nimis
553 586 686 648 obscure
706 587 929 663 memoravit...

212 696 289 773 Cap.
312 699 329 754 7
360 713 430 754 :—
457 693 533 765 Quis
563 693 649 755 enim
671 697 810 757 vestrum
832 709 896 756 non
920 693 1051 756 edidicit
1078 692 1209 771 Epicuri
1237 689 1343 772 Κυρίας

178 799 271 878 Atiae,
284 800 315 861 id
334 806 393 877 est,
413 805 502 880 quasi
518 805 652 863 maxime
667 802 776 863 ratos?

217 909 292 987 dap.
315 910 334 970 8
351 927 358 968 :
390 907 502 970 «Nihil
518 908 673 972 haberem
691 910 776 989 quod
797 907 1075 987 reprehenderem,
1089 905 1114 967 si
1130 905 1236 968 linitas
1249 904 1341 984 cupi-

183 1013 271 1074 dates
285 1013 488 1075 haberentts
505 1015 572 1075 Hoc
585 1020 632 1076 est
652 1013 759 1077 dicere
776 1034 783 1076 :
805 1035 819 1071 u
832 1032 897 1075 non
912 1015 1178 1095 reprehenderem
1193 1011 1337 1087 Ἀσώτους,

183 1119 207 1180 si
221 1136 285 1180 non
299 1125 404 1182 essent
418 1113 540 1180 Ἄσωτοι.
555 1139 571 1177 o

559 1337 561 1340 ’
647 1357 764 1414 nerra,
784 1355 829 1407 ris.
846 1355 888 1407 111.

225 1548 300 1629 Gap.
315 1551 333 1610 5
351 1567 358 1609 :
376 1583 412 1593 —
436 1549 547 1610 Rerum
562 1555 668 1611 autem
684 1553 875 1628 nequitiores,
897 1550 956 1624 vel,
976 1548 1002 1610 si
1021 1548 1090 1610 haee
1102 1547 1200 1610 verba
1214 1549 1269 1607 aut
1282 1543 1354 1604 mi·r

180 1673 239 1716 nus
265 1657 391 1734 placent
406 1660 460 1716 aut
480 1656 584 1718 minus
602 1657 838 1736 intelliguntur,
864 1677 880 1715 r
904 1655 1072 1737 Καταλήψεις
1098 1675 1114 1712 o
1140 1653 1338 1732 appellemus

178 1762 291 1825 licet...
415 1795 419 1803 ·

219 1871 281 1949 Cap
311 1873 330 1930 6
349 1889 355 1930 :
372 1904 412 1914 -
432 1870 623 1932 AEstimebile
637 1887 704 1931 esse
717 1868 851 1944 dicitur;
868 1867 913 1929 sic
928 1868 1024 1942 euim,
1042 1872 1077 1929 ut
1089 1846 1217 1945 opinor,
1233 1865 1337 1943 appel·

181 1978 283 2038 lamus
301 1977 345 2053 id,
369 1977 455 2056 quod
471 1983 528 2039 aut
555 1976 865 2056 ipsumsecundum-
879 1981 1024 2053 naturam
1042 1974 1093 2048 sit,
1110 1978 1166 2035 aut
1183 1973 1247 2034 tale
1262 1969 1336 2050 quid

179 2084 307 2158 efficiat,
325 2087 361 2143 ut
370 2084 542 2160 selectione
558 2082 691 2163 dignum
709 2087 878 2161 propterca
893 2082 943 2156 sit,
965 2081 1050 2160 qood
1066 2078 1201 2158 aliquod·
1213 2078 1336 2156 pondus

180 2190 296 2251 habeat
322 2188 455 2269 dignum
480 2191 684 2266 aestimatione,
708 2206 802 2268 quam
832 2187 886 2249 ille
912 2186 997 2256 ’Λείαν
1024 2190 1133 2261 vocat,
1163 2188 1336 2262 contraque

157 2356 159 2359 ,
179 2284 398 2371 inaestimabile,
416 2295 503 2376 quod
518 2296 558 2357 sit
568 2295 722 2375 superiori
735 2295 931 2358 contrarium
944 2292 998 2372 (l).
1118 2344 1121 2352 .

222 2401 298 2462 lbid.
315 2421 326 2462 :
338 2435 380 2447 —
445 2402 589 2462 Primum
605 2407 652 2463 est
662 2380 795 2482 officium
810 2400 855 2480 (id
871 2399 955 2462 enim
964 2400 1090 2480 appello
1103 2397 1241 2477 Καθῆκον)
1259 2402 1294 2460 ut
1305 2413 1335 2457 se

183 2514 347 2571 conservet
360 2508 392 2569 in
405 2513 525 2569 naturae
541 2513 661 2570 statu...
1096 2504 1098 2509 ’

223 2615 299 2676 Ibid.
316 2635 325 2676 :
347 2650 385 2660 -
401 2614 500 2676 Simul
515 2621 623 2677 aurem
644 2614 728 2692 cepit
740 2615 970 2694 iutelliqeutiom
983 2614 1029 2675 vel
1050 2616 1203 2673 notionem
1221 2609 1334 2690 potius,

182 2741 278 2802 quam
293 2704 453 2802 appellant
469 2742 475 2783 :
492 2720 616 2781 Ἔννοιαν
632 2720 716 2782 illi...

223 2829 327 2891 leta.-
351 2864 391 2874 -
411 2831 514 2907 Atque
531 2827 573 2889 ita
594 2826 773 2907 cognitione
789 2834 819 2889 et
838 2826 958 2890 ratione
978 2825 1117 2904 collegit,
1138 2831 1175 2887 ut
1188 2828 1336 2886 statueret

185 2937 218 2997 iu
233 2955 270 2998 eo
284 2937 476 2998 collocatum
491 2952 650 2996 summum
666 2935 743 2995 illud
757 2933 895 2995 hominis
912 2951 969 3013 per
987 2951 1020 2994 se
1034 2933 1229 2993 laudandum
1245 2936 1276 2992 et
1290 2946 1336 2990 ex·

186 3047 360 3122 petendum
376 3043 507 3119 bonurn,
526 3044 610 3121 quod
625 3060 724 3121 quum
748 3044 887 3120 positum
907 3043 947 3103 sit
966 3043 999 3102 in
1018 3058 1067 3116 eo,
1091 3039 1177 3120 quod
1198 3037 1335 3113 c‘Opate

184 3156 274 3234 γίαν»
294 3152 403 3235 Stoici,
427 3172 484 3213 nos
503 3153 699 3231 appellemus
717 3156 963 3226 convenientiam,
985 3150 1010 3210 si
1025 3127 1178 3228 'placet...¹

225 3262 298 3339 Cap.
317 3266 334 3320 7
358 3279 421 3320 :-
439 3258 491 3321 Sic
504 3264 647 3338 appetitio
669 3259 776 3336 ocimi,
797 3277 868 3337 quaa
888 3256 979 3338 Ὁρμή
993 3258 1100 3318 Graece
1114 3261 1257 3331 vocatur,
1276 3269 1333 3313 non

90 3389 93 3394 ·
118 3383 120 3387 ·
185 3369 224 3428 ad
240 3364 373 3446 quodvis
388 3383 486 3444 genus
504 3364 587 3442 vitae,
605 3366 658 3426 sed
676 3366 714 3426 ad
727 3366 900 3444 quamdam
915 3365 1049 3425 formam
1069 3360 1198 3425 vivendi
1216 3361 1333 3425 ridetur

186 3477 295 3539 data...
750 3493 753 3498 ’
925 3491 926 3494 ’

617 3680 669 3744 'oe
686 3693 771 3754 unta,
786 3693 830 3743 us.
846 3693 892 3745 ru.

225 3902 298 3981 Cap.
313 3905 331 3962 'l
349 3920 356 3963 :
381 3933 422 3946 -
435 3901 510 3971 Quae
526 3902 631 3959 autem
652 3913 710 3957 nos
726 3886 784 3956 aut
801 3898 885 3955 reric
902 3900 955 3956 eat
970 3899 1049 3955 recte
1076 3891 1159 3963 saeta
1185 3890 1332 3965 dicamus

187 4012 212 4072 si
239 4011 355 4089 placet,
384 4007 430 4068 illi
454 4009 561 4067 autem
583 4001 744 4080 appellant
758 3999 1036 4081 'rrllamptatpasms
1060 4016 1172 4061 omues
1194 4012 1335 4062 numeros

187 4117 311 4181 virtutis
326 4114 504 4178 continent.

223 4358 259 4422 (t)
276 4354 333 4406 Vid.
347 4363 380 4405 et.
394 4351 425 4402 de
439 4353 500 4414 Fim,
515 4351 558 4412 llI,
575 4355 621 4405 15:
633 4372 645 4398 s
656 4350 704 4402 alia
714 4346 870 4409 aestimabilia,
885 4347 932 4398 alia
945 4356 1039 4408 nonne,
1052 4346 1100 4399 alia
1111 4356 1237 4399 neutram.
1250 4368 1263 4392 ν
