2790 4770
616 248 817 309 -tou-

141 400 205 482 645
246 401 382 467 Τούνεκα
400 389 440 474 δὴ
460 397 512 466 καί
531 391 605 492 φασι
625 398 781 492 περαιόθεν
801 402 975 493 ἐρχομένοιο

245 499 396 617 Σκορπίον
410 508 533 618 Ωρίωνα
549 522 618 618 περὶ
636 522 744 617 χθονὸς
766 524 886 617 ἔσχατα
905 527 1039 621 ρεύγειν.

247 640 330 718 Οὐδὲ
347 638 406 743 μὲν
420 637 623 740 Ᾱνδρομέδης
645 648 697 716 καὶ
717 651 836 728 Karene
854 652 921 718 ὅσσ’
941 652 1099 718 earum

248 774 345 843 κείνου
363 777 603 854 ἐπαντεθιλοντος
625 772 778 859 ἀπευθέες,
794 775 863 842 ἀλλ’
879 771 940 868 ἄρα
956 775 1008 842 καὶ
1021 776 1070 844 τοὶ

236 890 406 995 πασσυδίῃ
427 901 640 994 ρεύγουσιν·ὁ
661 888 696 966 δὲ
711 891 788 993 ζώνῃ
806 899 876 968 τότε
895 901 1020 993 Κηφεὺς

142 1025 208 1095 65ο
248 1032 338 1119 γαῖαν
358 1018 482 1110 ἑπιξύει,
503 1022 545 1092 τὰ
565 1025 617 1119 μὲν
635 1027 664 1104 ἐς
684 1026 818 1117 κεραλθν
839 1024 1047 1119 μοθιαποίντα

254 1147 381 1234 βάπτων
398 1156 554 1234 ὠκεανοῖο,
574 1146 614 1218 τὰ
631 1140 662 1216 δ’
678 1151 712 1217 ού
734 1149 831 1242 θέμις,
848 1147 929 1219 ἀλλὰ
951 1149 1022 1245 τοίγ’
1041 1152 1138 1218 αύταὶ

251 1257 366 1366 Ᾰρκτοι
384 1276 546 1361 κωλύουσι,
566 1265 667 1354 πόδας
684 1276 736 1346 καὶ
755 1286 849 1371 γοῦνα
866 1276 918 1344 καὶ
935 1268 1010 1354 ἰξόν.

249 1384 278 1466 H
293 1390 394 1468 δὲκαὶ
413 1401 491 1475 αὐτὴ
510 1390 623 1478 παιδὸς
639 1398 792 1494 ἐπείγεται
807 1391 946 1469 εἰδώλοιο

248 1515 333 1599 δειλὴ
349 1526 557 1592 Κασσιέπεια·
580 1521 620 1593 τθι
639 1515 667 1590 δ’
689 1527 790 1593 οὐκέτι
806 1525 835 1592 οἱ
852 1523 936 1594 κατθι
949 1522 1065 1617 κόσμον

142 1653 207 1723 655
250 1650 393 1745 φαίνεται
407 1652 440 1716 ἐκ
462 1639 595 1741 δίφροιο,
615 1639 707 1727 πόδες
725 1648 778 1716 καὶ
799 1651 921 1745 γούναθ’
939 1653 1077 1747 ὕπερθεν,

248 1777 315 1845 ἀλλ’
328 1777 378 1871 ἥγ’
399 1778 427 1855 ἐς
447 1775 578 1868 κεφαλὴν
596 1772 646 1846 ἴση
664 1763 746 1842 θύετ’
760 1773 921 1870 ἀρνευτῆρι

250 1900 410 1994 μειρομένη
430 1897 580 1994 γονοίτων,
599 1896 663 1968 ἐπεὶ
680 1901 735 1965 οὐκ
750 1895 796 1995 ἄρ’
814 1901 938 1993 ἔμελλεν
957 1900 1052 1977 ἐκείνη

248 2016 361 2122 Δωρίδι
382 2025 435 2093 καὶ
455 2024 586 2119 Πανύπγ
610 2024 748 2118 μεγοίλων
768 2021 842 2120 σ’ίτερ
858 2025 1038 2098 ἱσιύσασθαι.

191 2224 195 2229 ,
251 2139 281 2223 H
300 2153 353 2247 μὲν
373 2147 420 2244 ἄρ’
439 2148 480 2230 εἰς
499 2151 600 2244 ἑτέρην
619 2152 762 2242 φέρεται·
782 2148 823 2219 τὰ
838 2143 872 2220 δὲ
887 2153 998 2222 νείοθεν
1013 2150 1096 2223 ἄλλα

249 2381 375 2456 equibus
386 2378 490 2453 ingenti
502 2377 608 2436 exsistit
618 2395 681 2436 enm
693 2390 810 2452 corpere
822 2392 879 2454 prae
891 2399 921 2440 se

148 2534 150 2538 ,
250 2467 929 2543 Seorpiosiniestuspraepertansssebiieacumen.

248 2564 304 2620 Hie
315 2556 406 2616 valido
418 2555 517 2630 cupide
529 2564 674 2627 venantem
686 2558 805 2630 pereutit
814 2560 881 2629 ictu,

252 2648 426 2708 mortiferum
439 2646 466 2702 in
478 2661 562 2702 venas
575 2646 659 2719 figens
671 2650 845 2720 pervaluere
858 2652 933 2708 virus
946 2671 953 2708 ε

249 2740 295 2797 ὶΙΙε
306 2736 380 2812 gravi
390 2734 514 2792 moriens
525 2736 674 2791 constravit
685 2753 802 2810 corpere
815 2747 929 2797 terram.

251 2830 342 2900 Quare
354 2841 442 2899 quum
453 2823 561 2896 magnis
572 2840 631 2881 sese
642 2827 720 2897 Nepa
731 2826 838 2882 lucibus
850 2827 942 2898 effert,

250 2918 338 2976 Orion
348 2914 457 2989 fugiens
468 2912 648 2970 commendat
659 2931 776 2989 corpora
788 2916 879 2975 terris.

251 3012 325 3067 Tum
337 3021 402 3064 vero
414 3004 482 3078 sugit
493 3003 673 3060 Andromeda
686 3013 714 3061 et
725 3006 865 3079 Neptunia
876 3006 976 3064 Pistrix

251 3107 312 3158 tota
323 3098 405 3166 iatet3
417 3093 490 3151 eadit
500 3108 631 3150 converso
643 3108 759 3167 corpore
770 3093 904 3167 Cepheus,

252 3182 493 3254 extremasmedio
505 3182 668 3254 contingens
681 3198 797 3255 corpere
809 3192 907 3243 terras.

253 3279 305 3336 Hie
316 3283 400 3351 eaput
412 3282 441 3332 et
454 3288 567 3346 superas
579 3272 651 3343 potis
663 3281 705 3330 est
717 3273 876 3348 demergere
890 3278 996 3347 partes,

251 3368 339 3426 infera
351 3366 511 3422 lumborum
522 3378 665 3434 nunquam
677 3365 827 3420 convestiet
838 3365 955 3434 umbra3

253 3472 318 3514 nam
330 3452 451 3511 retinent
460 3454 553 3507 Aretae
566 3449 600 3523 (1)
614 3449 761 3506 lustrantes
772 3450 876 3507 lumine
887 3467 977 3510 suras.

250 3544 368 3604 Labitur
378 3541 425 3599 iiia
437 3539 517 3597 simul
530 3546 640 3612 gnatam
652 3540 806 3613 lacrymosa
817 3529 967 3613 requirens*

253 3635 410 3706 Cassiopea,
421 3645 511 3703 neque
522 3645 556 3686 ex
568 3631 637 3686 eoete
649 3628 765 3701 depulsa
777 3630 877 3689 decere

251 3725 353 3794 fertur3
365 3737 434 3780 nam
446 3735 522 3776 verse
535 3719 696 3793 contingens
710 3719 812 3777 vertice
825 3721 948 3792 primum

250 3823 352 3884 terras,
364 3808 571 3884 posthumam,
583 3824 676 3865 eversa
688 3807 764 3880 sede,
779 3808 907 3867 refertur.

251 3907 333 3962 Hane
344 3901 383 3958 iiii
395 3899 521 3957 tribuunt
532 3913 644 3969 poenam
654 3896 785 3956 Nereides
796 3899 894 3968 almae,

191 4004 192 4009 ’
252 4008 317 4051 eum
328 3989 426 4065 quibus
439 3988 478 4061 (ut
491 3987 644 4060 perhibent)
655 4003 723 4044 ausa
735 3996 778 4045 est
788 3987 956 4046 contendere
968 3988 1070 4047 torma.

153 4152 1313 4180 W

178 4268 215 4335 (t)
235 4286 248 4311 ι
261 4261 359 4315 ωσι.»
373 4259 407 4327 (ι.
421 4259 451 4311 ν.
465 4259 507 4323 n.)
