2790 4770
650 255 869 349 -mo-'

174 436 272 496 quum
294 425 455 481 contrariis
473 428 668 500 opponentne
688 423 854 498 contraria,
881 438 1048 484 numerum
1074 422 1257 482 oratorium
1281 440 1337 483 ne-

153 571 159 584 .
175 526 321 588 cessitate
335 526 401 607 ipsa
424 527 579 606 efficiunt,
595 535 713 592 etcum
728 531 796 591 sine
810 528 976 592 industria.

216 634 289 710 Cap.
308 634 370 694 51:
399 635 462 696 Sed
484 633 581 697 babet
607 653 724 698 nomen
748 634 913 712 invidiam,
935 652 1035 715 quum
1050 635 1083 695 in
1096 635 1277 697 orationem
1289 635 1339 714 ju·

178 737 283 801 diciali
297 746 328 802 et
341 740 457 803 ienensi
472 760 616 804 numerus
632 743 740 819 latine,
761 745 870 806 Graece
886 742 1036 822 «eumn,
1047 765 1065 826 4»
1083 744 1188 813 inesse
1199 721 1335 805 dieitur·

217 848 291 925 Gap.
316 848 359 909 54-
379 867 386 908 :
405 881 440 892 -
531 850 570 911 nt
594 866 640 923 ea,
658 868 732 936 quae
748 850 1063 911 dicunturorotionis
1079 849 1170 928 perosi
1187 837 1298 924 sarran
1311 854 1339 910 et

177 955 306 1031 tnmino,
322 976 395 1037 qum
412 960 459 1037 (ut
472 956 548 1040 dixi)
562 961 662 1021 Graeci
672 966 787 1023 vocant
800 982 815 1017 a
829 959 976 1041 Σχήματα.
992 982 1007 1019 n

219 1055 292 1143 Cap.
310 1068 347 1126 55
365 1084 372 1126 :
393 1100 433 1110 —
497 1067 697 1146 Maximeque
717 1066 748 1129 id
767 1067 800 1127 in
816 1067 938 1147 optimo
954 1084 1083 1147 quoque
1099 1083 1213 1129 eorum
1229 1070 1336 1147 poeta·-

179 1188 263 1247 rum,
281 1172 336 1250 qui
354 1194 368 1231 u
385 1172 495 1254 Λυρικοί
508 1194 523 1231 a
542 1175 689 1237 aGraeeis
702 1176 919 1237 nominantur.

219 1280 293 1357 Gap.
309 1283 347 1339 57
375 1298 438 1340 :-
455 1281 626 1343 Troctranm
651 1288 770 1358 autem,
788 1283 843 1363 qui
859 1287 907 1344 est
928 1283 1042 1345 eodem
1056 1281 1170 1362 spatie,
1189 1279 1337 1361 quaetio

180 1404 260 1460 rens,
280 1407 295 1444 «
315 1386 470 1467 Κόρδακα»
490 1390 629 1468 appellat
641 1390 859 1469 (Aristoteles),
876 1390 951 1469 quia
964 1372 1188 1465 contractioni
1200 1388 1336 1451 brevitas

180 1493 367 1573 dignitatem
381 1512 445 1554 non
466 1487 590 1556 habeat.
1184 1500 1188 1506 ’

222 1601 294 1680 Cap.
312 1604 361 1662 61.
386 1602 421 1662 In
442 1602 687 1691 quo-quaesitum
699 1610 756 1679 est,
781 1604 814 1664 in
828 1610 938 1667 totone
952 1603 1086 1666 circuitu
1107 1603 1165 1664 tito
1179 1606 1333 1676 orationis,

178 1694 278 1791 'quem
299 1708 400 1770 Graeci
423 1730 437 1764 e
460 1703 619 1789 Περίοδον»
643 1708 705 1771 nos'
723 1716 792 1772 tum
814 1711 970 1788 ambitum,
993 1717 1062 1773 tum
1077 1691 1251 1787 circuitum,
1268 1716 1334 1772 tum

178 1802 482 1898 'comprehensionem
509 1821 565 1877 aut
589 1821 859 1892 continuationem,
885 1825 941 1880 aut
960 1818 1269 1905 circumscriptionem
1290 1817 1336 1879 di·

85 1970 88 1977 .
181 1924 319 1986 cimus..

222 2031 296 2108 Cap.
322 2033 371 2104 at,
388 2030 498 2091 ibidem
514 2050 524 2090 :
545 2062 585 2074 -
609 2030 690 2109 Ergo
714 2030 746 2090 in
761 2031 842 2107 aliis,
868 2029 964 2093 idest
981 2031 1015 2092 in
1027 2031 1171 2107 historia,
1182 2035 1223 2107 >et
1241 2030 1274 2091 in
1288 2047 1334 2105 ee,

181 2137 268 2217 quod
282 2136 479 2215 appellamus
507 2158 522 2195 a
534 2136 729 2196 Ἐπιδεικτικόν
752 2136 805 2217 (t),
825 2138 959 2218 »piacet
974 2137 1080 2199 omnia
1094 2136 1159 2200 diei
1181 2139 1338 2199 Isocrateo

181 2244 472 2322 Theopompeoque
497 2260 595 2317 more,
613 2242 666 2304 illa
688 2243 986 2323 circumscriptione
1000 2244 1204 2324 ambituque,
1221 2250 1256 2306 ut
1269 2247 1337 2305 tan-

182 2367 278 2429 quam
293 2350 324 2409 in
344 2350 421 2412 orbe
445 2350 566 2411 inclusa
589 2357 695 2413 currat
710 2349 822 2425 oratio,
837 2352 923 2430 quod
940 2350 1063 2413 insistat
1076 2352 1108 2412 in
1121 2349 1257 2430 singulis
1271 2369 1338 2430 per-

182 2456 272 2518 fectis
283 2455 499 2536 absolutisque
516 2458 691 2520 sententiis.
1007 2462 1009 2468 ’

223 2566 297 2641 Gap.
314 2567 353 2625 62
369 2583 375 2624 :
392 2598 433 2608 —
454 2552 533 2625 Nam
557 2582 657 2644 quum
681 2565 722 2625 sis
737 2562 787 2627 his
807 2565 884 2627 loeis
910 2584 997 2640 usus,
1021 2563 1137 2644 quibus
1160 2564 1289 2626 ostendi
1308 2563 1340 2624 li-

183 2688 265 2746 cere,
290 2672 506 2732 transierenda
529 2676 594 2734 tota
611 2672 709 2734 dictio
727 2677 775 2734 est
799 2673 838 2734 ad
855 2673 919 2748 ilia,
936 2690 1009 2751 qnae
1025 2671 1133 2734 neseio
1152 2689 1225 2746 our,
1239 2688 1338 2750 quum

184 2781 291 2840 Graeca
306 2778 441 2855 Κόμματα
463 2784 494 2840 et
521 2779 601 2837 Κῶλα
616 2779 794 2852 nominent,
816 2798 879 2840 non
895 2785 982 2840 reete
996 2779 1090 2839 inciso
1102 2784 1134 2840 et
1148 2777 1282 2839 ruerrctm
1295 2777 1339 2838 di·

182 2905 299 2949 camus.

227 2996 330 3062 Orat..
348 3011 415 3071 cap.
440 2996 478 3053 63
508 3010 515 3053 :
543 3026 583 3035 -
608 2991 726 3052 Insistit
748 2998 853 3053 autem
876 2991 1013 3054 ambitus
1030 2989 1133 3053 modis
1147 2991 1338 3069 pluribus‚e

181 3096 301 3179 quibus
329 3117 429 3161 unum
453 3105 499 3161 est
513 3105 621 3160 secuta
637 3101 708 3161 Asia
729 3100 879 3177 maxime,
897 3100 949 3180 qui
979 3122 992 3157 u
1008 3103 1175 3180 Διχορεῑος»
1195 3105 1335 3173 vocatur,

185 3224 285 3286 quum
312 3207 373 3266 etno
397 3210 528 3266 cntrcmi
552 3205 655 3266 chorei
679 3212 763 3281 sunt,
792 3206 823 3267 id
849 3211 905 3283 est,
923 3224 939 3268 e
955 3207 1087 3287 singulis
1103 3205 1335 3286 longisetbre·

166 3314 282 3378 nibus.

224 3425 355 3502 Capiti
381 3441 388 3483 :
411 3455 450 3466 —
470 3422 576 3483 Prima
602 3429 674 3483 sunt
696 3422 749 3484 ilia
768 3424 843 3498 diro,
863 3440 934 3502 quaa
952 3445 966 3482 u
984 3421 1151 3501 Ko'pp'cmo
1171 3422 1274 3484 Graeci
1287 3439 1338 3482 vo-

185 3538 266 3607 cant,
283 3548 340 3591 nos
356 3530 453 3590 inciso
466 3528 616 3603 dicimus;
643 3530 758 3591 deinde
775 3529 915 3606 tertium,
936 3531 1084 3589 «Κῶλον»
1102 3528 1161 3604 illi,
1180 3547 1238 3590 nos
1249 3546 1336 3590 mem·

184 3638 284 3699 bruna.

224 3746 298 3824 Cap.
324 3745 385 3806 68:
412 3777 450 3786 -
471 3743 578 3821 ltaque
603 3744 705 3822 qualis
724 3760 835 3805 eorum
855 3748 970 3817 motus,
986 3759 1095 3822 queso
1110 3740 1335 3822 ἀπαλαίστρους»

182 3852 283 3914 Graeci
296 3856 419 3926 meant,
443 3851 513 3911 talis
526 3845 641 3911 horum
665 3849 741 3911 mihi
755 3850 882 3912 videtur
903 3848 1014 3925 oratio,
1034 3849 1168 3928 quinon
1189 3848 1336 3910 claudunt

181 3959 323 4021 numeris
344 3958 553 4020 sententias...

215 4302 250 4365 (1)
270 4300 335 4349 Dixit
348 4300 412 4348 idem
424 4298 509 4347 Cicero
520 4297 620 4362 (larem.
634 4294 656 4359 i,
668 4297 708 4362 5):
721 4317 732 4341 u
747 4296 968 4348 Demonstrativum
980 4312 1053 4363 genias
1068 4295 1213 4361 (orationis).
1228 4319 1240 4342 a
