2790 4770
585 353 786 416 -177—

97 513 155 550 saa
168 502 189 565 tt
196 510 202 565 )
215 515 220 549 :
234 495 279 551 eui
292 495 355 567 quia
369 496 475 567 privato
486 503 550 552 snut
560 491 679 565 oppositi
692 487 815 566 niumm,
829 498 931 556 damur
945 499 1072 569 imperia,
1085 503 1112 550 eg
1129 511 1160 552 ea
1174 497 1263 551 contl-

99 594 242 654 nuautur3
255 584 392 657 praesidiis
405 585 505 654 etiarn,
521 595 553 643 ut
566 587 684 644 Athenis
700 589 878 656 PisistratuS‚
899 588 1044 662 sepiuntur
1062 607 1067 642 :
1084 595 1224 660 postremo
1246 601 1262 640 a

100 674 205 748 qulbus
219 674 347 748 producti
362 684 437 743 snut,
453 677 575 734 entstuut
588 694 684 735 eorum
697 679 821 752 ipsorum
836 678 944 754 tyranni
960 680 967 750 (
988 685 1008 746 ).
1020 719 1048 736 ..
1065 721 1071 734 .

653 915 722 924 ..-

304 1129 521 1182 xnnotntonrls
536 1132 606 1184 loct
621 1134 642 1183 Α
658 1133 813 1187 CICERONI}
829 1134 1069 1187 INTERPIIETATI.

473 1264 476 1270 ¹
490 1291 650 1358 Ξενοφῶντος
664 1295 830 1360 Οἰκονομικὸς
842 1294 885 1360 (3).

601 1449 660 1516 Cap.
678 1449 718 1508 VI,
738 1453 775 1501 12.

166 1581 211 1677 ita
226 1599 294 1690 ἐμοὶ
308 1590 408 1669 ἐδόκει
429 1595 507 1665 εἶναι
526 1608 570 1684 τῷ
590 1601 657 1668 ὄντι
677 1607 797 1669 τούτων
820 1611 879 1668 τῶν
898 1592 1029 1692 ἀνδρῶν,
1048 1602 1095 1692 ἐφ’
1113 1595 1155 1679 οἷς
1178 1613 1270 1670 τοῦτο

109 1726 146 1792 τὸ
165 1723 265 1817 ὄνομα
282 1716 407 1805 δικαίως
425 1725 510 1794 ἐστὶν
533 1721 548 1791 ὂ
565 1732 706 1794 καλεῖται
726 1727 819 1806 καλός
839 1752 873 1794 τε
891 1727 1024 1820 κᾴγαθὸς
1046 1727 1120 1820 ἀνήρ

231 1898 263 1949 II.
277 1899 305 1949 T.
321 1900 454 1962 Ciceronis,
469 1901 693 1964 ΟΕοοιιοιιιὶοοινιιιι,
709 1920 738 1950 es·
752 1901 917 1971 Xenophonte,
932 1901 994 1952 liber
1007 1902 1100 1968 primus
1109 1903 1153 1966 (l)

149 2036 243 2090 Homo
256 2050 293 2092 ex
306 2050 340 2092 eo
354 2051 471 2094 numero
485 2035 643 2108 hominum,
654 2037 700 2110 qui
712 2037 784 2110 apud
800 2053 851 2094 uos
863 2036 922 2094 haec
932 2037 1046 2093 nomiue
1059 2035 1221 2108 dignantur.

596 2179 599 2184 ,
668 2129 702 2178 Ex
717 2128 853 2189 Prisciauo}
867 2128 910 2178 ΙΙΙ).
923 2127 986 2187 VIII,
998 2145 1018 2177 c.
1035 2127 1084 2193 ἴῃς
1101 2130 1140 2177 19.

611 2485 670 2550 Cap.
685 2482 739 2547 Vll,
756 2489 779 2534 9.

96 2676 103 2685 -
178 2665 222 2674 „
240 2633 322 2725 ΙΙρὸς
344 2632 429 2716 θεῶν,
449 2632 521 2724 ἔφην
552 2631 623 2724 ἐγὼ,
652 2627 676 2695 ὦ
707 2616 873 2723 Ισχόμοιχε,
901 2630 933 2698 τί
962 2640 1083 2723 πρῶτον
1116 2622 1272 2720 διδάσκειν

116 2755 213 2849 ἤρχου
229 2759 337 2838 αὐτὴν,
353 2746 461 2850 διηγοῦ
477 2779 589 2847 μοι’...

161 2950 262 2967 .....
272 2909 347 2982 Quid
366 2910 466 2984 igitur,
489 2911 558 2984 proh
577 2912 669 2967 Deum
683 2909 900 2979 immortalium,
920 2910 1042 2982 primum
1060 2926 1122 2966 eam
1143 2909 1275 2978 docebas,

119 3002 236 3071 quaeso?
555 3050 557 3055 .

573 3069 623 3134 (Ex
633 3068 737 3131 Donato,
750 3070 775 3120 in
790 3069 844 3120 Ter.
859 3068 1010 3127 Phormion„
1025 3069 1054 3129 ll,
1067 3075 1092 3126 3,
1105 3073 1145 3133 Ι.)

153 3265 190 3331 (1)
208 3264 300 3315 Locum
314 3281 327 3315 e
340 3263 361 3327 Ι,
376 3266 406 3315 de
416 3265 488 3332 nep„
502 3265 561 3315 citat
574 3265 665 3330 Fronto
679 3265 783 3330 exempl.
798 3265 859 3317 eloe.
876 3281 929 3336 voc.
946 3262 1084 3324 Grntilicor.

153 3352 190 3418 (2)
203 3350 335 3403 Praeclam
344 3351 386 3402 ille
398 3351 465 3402 locus
476 3351 563 3401 merito
573 3350 682 3400 omnium
696 3350 882 3401 admirationem
896 3359 986 3409 movet,
995 3365 1023 3399 ac
1032 3348 1094 3398 milri
1105 3352 1278 3416 proponemlus

119 3444 218 3496 videtur
235 3462 291 3495 curu
312 3445 473 3513 principibus,
489 3455 517 3496 nt
536 3446 601 3495 leues
613 3460 641 3494 ac
655 3444 748 3494 remissi
760 3444 809 3494 siut
821 3445 858 3508 (ut
871 3444 906 3496 ait
925 3444 1030 3504 Cicero),
1044 3446 1187 3512 populisque
1205 3447 1279 3496 liber·

120 3541 196 3583 tatem
215 3532 310 3583 modice
331 3542 489 3599 temperatam
512 3531 664 3590 ministrnm
687 3540 740 3581 tum
754 3529 860 3598 populis,
875 3546 907 3579 ne
920 3548 950 3580 ex
963 3531 1040 3583 nimia
1054 3533 1170 3596 licentia,
1185 3534 1251 3583 velut
1265 3551 1278 3584 e

119 3615 196 3682 stirpe
207 3616 321 3682 quadam,
336 3617 440 3671 existant
452 3632 536 3666 eornm
546 3615 653 3680 ipsorum
666 3614 774 3681 tyranni.

154 3699 191 3766 (3)
208 3700 371 3751 OEconomica
382 3701 478 3768 scripsit
490 3699 574 3751 Cicero
587 3715 610 3750 a.
623 3717 647 3766 p.
660 3699 689 3750 U.
703 3717 723 3749 e.
738 3703 786 3750 6ἵο
799 3709 841 3750 aut
855 3703 915 3761 ott,
930 3700 1122 3752 OEconomicum
1131 3703 1279 3770 Xenophon-

120 3795 197 3855 teum,
209 3785 281 3836 sinon
303 3786 487 3857 interpretatus,
507 3796 573 3836 certe
594 3794 710 3835 secutus:
725 3800 865 3851 quanquam
883 3786 962 3836 hisin
986 3786 1124 3853 fragmentis
1144 3789 1220 3839 multa
1240 3790 1278 3838 in-

119 3880 177 3922 sunt
191 3872 399 3938 interpretationis
411 3872 519 3939 vestigia.
535 3870 672 3921 Macrobius
686 3869 802 3936 (Saturn,
815 3870 845 3929 ΙΙ,
862 3888 885 3921 c.
905 3873 945 3936 16)
960 3873 1084 3924 Ciceronis
1098 3875 1279 3926 OEcouomicon

120 3953 212 4005 librum
225 3954 326 4005 tertium
339 3964 464 4006 memorat.
480 3955 516 4004 Αο
530 3953 627 4004 Servius
642 3953 682 4018 (ad
696 3952 770 4019 virg„
791 3953 890 4020 Georg„
911 3954 932 4012 I,
952 3960 991 4015 43,
1007 3974 1031 4023 p.
1051 3941 1094 4022 33)
1109 3958 1208 4008 omuino
1231 3968 1280 4008 tros

120 4038 194 4088 fuisse
207 4037 283 4102 libros
296 4048 389 4100 narrat,
405 4039 425 4102 I,
440 4039 470 4089 de
483 4037 634 4098 Domesticis‚
648 4036 671 4089 ΙΙ
703 4038 829 4088 Extraneis
845 4040 876 4088 de
889 4039 975 4090 officiis
986 4041 1172 4107 patrisfamilias.
1185 4041 1227 4100 ΙΙΙ,
1250 4043 1280 4092 de

119 4122 285 4189 Agricultura.
301 4124 396 4190 -Ego
418 4123 561 4190 fragmenta,
583 4123 707 4188 quoniam,
727 4139 776 4188 quo
794 4140 896 4189 quaeque
918 4124 1011 4174 alibro
1031 4135 1126 4190 sumpta
1149 4124 1205 4181 sint,
1231 4141 1280 4174 uon

120 4207 207 4274 liquet,
231 4208 263 4258 ad
285 4207 452 4275 Xenoplroutei
475 4205 633 4258 OEconomici
656 4206 767 4257 ordinem
790 4207 899 4273 redigere
921 4209 995 4258 malui
1018 4208 1113 4276 (orell,
1134 4208 1176 4272 IV,
1195 4210 1241 4257 rol.
1257 4215 1281 4266 2,

120 4309 174 4359 pag.
185 4294 254 4358 stt).
268 4293 365 4346 -Nou
377 4293 466 4346 Orellio
480 4292 605 4353 assentior,
621 4302 654 4352 et,
669 4293 681 4342 J
686 4329 692 4344 .
705 4291 733 4342 V.
748 4292 892 4359 Leclerquio
904 4304 1012 4356 auctore,
1026 4293 1189 4344 OEconomica
1199 4292 1224 4342 in
1234 4303 1281 4344 tras

120 4377 196 4428 libros
206 4377 287 4429 dirisi.

1103 4464 1146 4524 lu
