2790 4770
596 210 797 274 -297-

117 366 155 412 ex
167 349 206 410 iis
217 349 374 428 juncturis
389 366 407 411 a
422 350 586 412 communi
601 350 831 413 consuetudine
842 350 1061 412 abhorrerent.
1076 349 1180 423 Quum
1194 365 1269 409 vero

116 456 278 534 exemplar
294 455 426 517 reddere
443 457 579 518 fideliter
593 459 830 537 aggrederetur,
855 457 951 516 modo
972 456 1077 534 lapsus
1096 460 1153 529 est,
1170 457 1269 517 modo

115 563 176 625 fuit
189 560 371 624 felicissime
394 562 506 639 audax,
532 565 712 643 meruitque
727 570 762 626 ut
786 562 939 642 plurimos
954 581 1018 624 suae
1037 560 1269 641 adaugendam

115 668 256 748 linguam
276 667 415 729 audaciae
430 669 568 732 fautores
588 670 729 732 haberet.

155 777 217 839 Sed
243 774 303 836 ista
326 777 520 854 argumentis
546 778 662 840 docere
688 782 824 856 oportet.
855 778 930 839 Mihi
951 777 1090 857 primum
1116 774 1268 837 orationis

115 883 380 946 conformationes
416 882 630 946 consideranti
667 886 825 963 permulta
851 885 883 946 in
911 883 1029 946 Timaeo
1061 883 1268 945 obversantur

115 991 260 1067 exempla
277 1008 284 1050 ι
301 989 385 1051 unde
399 990 604 1068 perspicuum
631 998 677 1053 est
698 991 891 1065 Ciceronem,
911 988 1182 1070 quemadmodum
1197 985 1269 1046 Pla-

78 1132 83 1139 ·
113 1097 197 1160 tonis
223 1094 354 1176 vestigia
375 1102 594 1177 persequatur,
622 1097 795 1158 elaborare.
822 1095 928 1158 Brevis
955 1113 993 1156 ac
1017 1111 1143 1172 pressus
1168 1095 1214 1152 est
1233 1091 1267 1150 in

114 1206 255 1279 exordio,
278 1190 400 1284 ut'ipse
419 1206 567 1286 princeps
595 1205 789 1281 Academiae,
814 1211 846 1266 et
868 1205 1044 1267 incredibili
1068 1203 1171 1266 studio
1199 1218 1268 1262 ma·

113 1315 247 1394 gistrum
264 1313 452 1393 simpliciter
467 1313 631 1375 dicentem
648 1312 807 1391 exprimit.
825 1313 982 1386 Quantum
1001 1312 1039 1373 ab
1057 1311 1111 1373 illo
1127 1317 1267 1374 mutatus

114 1428 172 1496 est,
190 1421 245 1500 qui
260 1437 319 1499 pro
342 1419 459 1482 Milone
469 1419 594 1498 judices
621 1419 797 1500 implorans
812 1421 966 1480 exclamat
985 1436 993 1480 :
1014 1421 1266 1481 «...·naectanta

112 1529 212 1590 virtus
224 1545 263 1589 ex
274 1528 334 1590 bac
347 1527 426 1588 urbe
445 1527 639 1607 expelletur?
654 1528 939 1589 exterminabitur?
952 1513 1155 1606 projicietur?
1169 1529 1193 1588 Ο
1215 1543 1266 1587 me

114 1634 265 1697 miserum
282 1633 323 1713 (f)
336 1638 383 1694 l...
400 1655 414 1692 n

154 1744 224 1803 Non
237 1747 345 1803 tamen
361 1741 492 1803 omnino
513 1743 599 1803 exuit
609 1747 769 1803 oratorem
785 1741 881 1802 etiam
900 1740 933 1799 in
951 1739 1028 1800 locis
1045 1738 1098 1799 ubi
1114 1737 1267 1799 circuitus

113 1846 340 1910 sententiarum
366 1848 506 1909 Platonis
529 1848 653 1909 assidue
668 1853 783 1923 servat,
804 1853 845 1920 et,
874 1846 978 1926 quoad
1000 1842 1154 1906 sermonis
1168 1843 1267 1922 ipsius

114 1965 224 2020 natura
247 1959 377 2036 patitur,
405 1958 437 2017 in
459 1958 592 2019 latinum
618 1959 779 2019 transfert.
803 1959 911 2036 ltaque
935 1956 1018 2035 apud
1038 1953 1127 2015 illum
1142 1954 1265 2030 eadem,

114 2082 186 2143 quae
201 2065 234 2124 in
247 2065 368 2125 Timaeo
383 2062 494 2125 nescio
510 2064 585 2143 quid
602 2064 678 2124 nudi
695 2080 732 2125 ac
749 2063 904 2142 simplicis
919 2062 1023 2129 habet.
1043 2060 1144 2122 oratio
1160 2077 1268 2120 nume·

113 2190 184 2234 rose
198 2170 408 2233 concluditur.
431 2173 504 2233 Haec
518 2188 633 2250 nempe
656 2174 785 2234 GraeCa:
808 2191 822 2228 (t
837 2170 921 2230 Παντὶ
936 2169 968 2241 δὴ
981 2169 1069 2247 σαφές,
1088 2165 1129 2226 ὅτι
1148 2166 1212 2246 πρὸς
1237 2165 1268 2226 τὸ

112 2278 213 2338 ἀΐδιον»
227 2278 281 2340 tali
294 2278 390 2340 modo
400 2295 550 2340 conversa
561 2284 654 2340 sunt:
671 2300 684 2334 n
695 2281 762 2339 Non
776 2277 873 2358 igitur
886 2274 1101 2354 dubiumquin
1111 2271 1267 2335 aeternita-

113 2393 178 2448 tem
191 2387 341 2447 maluerit
349 2385 488 2465 exsequi.
500 2406 516 2442 »
528 2387 545 2448 l
549 2391 623 2447 uxta
635 2385 789 2447 vocabula
803 2386 899 2444 «Κατὰ
909 2384 992 2444 ταύτὰ
1004 2384 1063 2464 ἔχον
1075 2407 1089 2443 a
1110 2388 1270 2465 ponuntur

112 2493 234 2556 latina:
258 2515 271 2549 a
282 2493 572 2565 Quodimmutabili
582 2494 757 2556 aeternitate
765 2495 956 2559 continetur.
966 2517 979 2553 n
997 2493 1078 2566 Ouid
1095 2494 1185 2572 plura
1198 2511 1269 2572 pro-

112 2603 211 2664 feram
224 2604 389 2682 exemplat
399 2605 488 2663 Adeo
506 2604 697 2675 suntmulta,
714 2607 751 2663 ut
762 2603 873 2663 lectori
888 2601 1065 2663 satietatem
1082 2603 1186 2663 facere
1200 2619 1270 2680 pos·

113 2716 193 2771 sent.
210 2709 355 2770 Ceterum
368 2709 474 2788 potius
490 2710 606 2788 linguae
622 2726 718 2788 quam
726 2709 886 2769 Ciceronis
900 2709 975 2770 illud
994 2715 1040 2770 est
1052 2710 1161 2770 vitium
1174 2728 1181 2768 ε
1193 2727 1266 2769 nam

116 2833 201 2898 saepe
216 2819 357 2877 Graecam
370 2816 525 2895 interpres
541 2814 728 2877 brevitatem
747 2815 882 2876 feliciter
901 2817 1078 2877 aemulatur.
1097 2816 1212 2876 Confer
1236 2823 1267 2877 et

114 2923 182 2984 haec
204 2921 342 2983 Platonis
369 2941 375 2982 :
404 2943 417 2978 u
432 2919 481 2997 Ὅ,
493 2946 519 2980 τι
530 2945 580 3002 περ
595 2921 660 3000 πρὸς
673 2924 774 2999 γένεσιν
799 2921 883 2994 οὐσία,
898 2925 973 2980 τοῦτο
998 2920 1061 3002 πρὸς
1088 2920 1177 2980 πίστιν
1204 2920 1269 2995 ἀλή-

113 3034 168 3088 θεια
188 3051 203 3086 a
222 3035 254 3090 et
273 3028 327 3088 illa
341 3028 457 3089 Tullii:
485 3025 671 3098 ‹iQunntum
689 3028 774 3088 enim
791 3028 829 3088 ad
847 3027 879 3087 id
897 3029 982 3107 quod
999 3035 1103 3090 ortum
1118 3034 1164 3090 est
1178 3034 1267 3091 aeter-

113 3136 193 3199 nitas
208 3136 301 3210 valet,
323 3140 448 3197 tantum
466 3135 506 3195 ad
521 3136 617 3195 tidem
638 3133 751 3196 veritas
764 3134 817 3216 (n).
831 3157 845 3193 r
862 3135 920 3197 Hic
934 3153 1049 3214 nempe
1063 3143 1132 3198 uter
1146 3136 1187 3199 sit
1201 3155 1267 3199 ma-

112 3392 203 3444 Latinae
215 3393 303 3458 lingua
312 3393 390 3443 honos
399 3402 424 3443 et
432 3394 510 3458 gratia
523 3410 528 3443 :
540 3394 613 3460 magis
624 3394 747 3460 magisque
757 3394 821 3459 lapsa
832 3403 877 3453 est,
890 3393 977 3443 deinde
988 3393 1022 3442 ire
1034 3395 1108 3460 carpit
1116 3411 1231 3462 praeceps,
1243 3407 1270 3446 ut

112 3477 145 3528 ita
158 3477 248 3537 dicam,
262 3479 340 3527 donec
358 3478 390 3528 ad
405 3478 457 3527 haec
471 3488 591 3545 tempora,
610 3479 699 3544 quibus
716 3478 747 3527 ab
765 3477 864 3527 omnino
881 3479 1010 3545 depravata
1029 3481 1203 3531 consuetudine
1222 3481 1270 3531 orti

111 3570 167 3612 aunt
181 3578 303 3612 sermones
317 3562 383 3622 novi,
395 3573 539 3628 perventum
553 3574 595 3613 est.
611 3563 679 3613 Tunc
693 3573 774 3613 autem
789 3563 979 3628 quotusquisque
992 3564 1098 3630 linguam
1113 3565 1220 3615 Graecam
1231 3567 1270 3615 di·

111 3646 222 3698 dicerat?
232 3645 290 3708 Quae
304 3647 404 3712 quidem
416 3647 512 3697 inscitia
526 3648 592 3697 haud
605 3664 679 3714 parva
692 3647 738 3697 fuit
752 3665 824 3698 causa
838 3664 882 3697 rur
894 3664 965 3698 nemo
979 3649 1005 3699 in
1016 3650 1096 3700 media
1106 3650 1185 3701 AEtate
1197 3652 1269 3717 quid-

111 3731 167 3781 dam
180 3730 369 3782 Ciceronianam
375 3725 513 3782 retinuerit.
524 3731 620 3782 Etenim
633 3755 644 3776 «ι
655 3732 744 3782 Graerae
753 3733 894 3799 Latineque
903 3732 989 3798 linguar
1003 3736 1271 3800 conjunctissimamco-
1329 3740 1334 3754 ¹

114 3837 125 3860 a
140 3815 278 3880 guntionem
293 3814 384 3864 Natura
398 3816 472 3864 dedit.
490 3817 552 3865 Nam
566 3826 589 3866 et
607 3817 692 3866 iisdem
707 3818 824 3867 orationis
837 3817 946 3883 partibus
959 3817 1050 3884 absque
1067 3819 1178 3878 articulo,
1198 3825 1271 3885 quenl

112 3921 123 3944 a
137 3898 228 3949 Graecia
242 3899 291 3948 sula
306 3899 390 3950 sortita
404 3909 449 3958 est,
469 3901 554 3951 iisdem
570 3919 638 3969 paene
652 3902 868 3962 obseruationibus,
888 3902 983 3967 figuris,
1003 3905 1271 3970 constructionibusque

112 4005 125 4029 a
140 3994 244 4050 uterque
261 3999 338 4033 sermo
354 3984 529 4050 distinguitur3
546 3995 573 4036 ut
585 3988 760 4054 propemodum
774 3987 817 4053 qui
832 3986 948 4036 utramvis
962 3997 1037 4036 artem
1051 3988 1172 4045 didicerit,
1188 3989 1270 4038 ambas

112 4091 125 4115 a
141 4069 243 4120 noverit.
258 4090 271 4113 a
288 4070 416 4134 (Macrob.‚
432 4069 463 4118 de
472 4071 540 4140 Dr'ff
551 4084 573 4119 et
583 4074 663 4122 societ.
673 4073 745 4141 groect'
755 4072 870 4141 latinique
880 4070 966 4135 uerbi.)

143 4157 179 4221 (1)
198 4159 267 4204 Orat.
278 4171 328 4224 pro
342 4153 432 4207 Milon.
443 4173 497 4223 cap.
514 4170 602 4208 xxvu.

144 4242 180 4307 (2)
197 4239 325 4291 lateralia
343 4240 444 4306 hujusce
467 4243 532 4293 modi
550 4246 659 4309 exempla
679 4245 754 4295 ludex
771 4242 948 4310 greco-latinus
964 4244 1006 4294 dat
1021 4243 1095 4295 breve
1112 4247 1269 4312 pmverbium
