2790 4770
685 363 840 425 ..2..
929 380 930 387 κ

186 501 323 570 libenter
338 501 447 570 videat
463 522 527 589 qua
550 501 673 568 ratione
693 503 777 568 hanc
793 512 849 568 aut
866 501 954 567 illam
975 500 1121 570 'Platonis
1141 503 1344 583 orationem,

185 618 246 685 hoc
260 629 316 685 aut
332 617 415 683 illud
431 636 547 684 nomen
560 615 793 702 perobscurum
807 619 939 684 verterit
963 621 1059 685 homo
1073 621 1216 686 omnium
1230 621 1348 706 graecis

144 710 146 713 ’
183 730 298 799 litteris
317 730 568 799 eruditissimus.
589 729 677 796 illud
703 729 836 816 quidem
861 731 937 798 fecit
963 733 1001 800 H.
1027 733 1224 821 Stephanus,
1248 743 1282 800 et
1303 735 1346 800 ob

184 866 255 914 eam
274 866 404 912 causam
427 845 560 910 sortasse
588 852 703 921 erunt,
733 844 789 929 qui
814 863 923 910 meum
945 865 1040 934 opus¹
1059 847 1140 913 nulli
1170 848 1238 915 fore
1267 849 1347 916 usui

82 990 84 994 ·
184 957 438 1024 arbitrabuntur.
460 959 503 1024 At
517 957 658 1046 primum
673 958 744 1045 ipse
766 958 905 1027 Lexicon
920 962 1183 1046 graeco-latinum
1201 965 1239 1031 H.
1270 956 1365 1032 Ste-¹

183 1075 283 1163 phani
295 1094 463 1164 perrarum
476 1093 546 1141 esse
559 1075 722 1162 comperi;
738 1075 854 1141 deinde
867 1096 951 1145 nova
962 1079 1123 1165 quedam,
1137 1080 1212 1147 licet
1224 1079 1342 1168 pauca,

183 1194 299 1284 opibus
316 1197 384 1281 jam
405 1191 547 1282 quesitis
577 1192 697 1259 addere
717 1191 796 1257 mihi
820 1195 966 1280 contigit.
996 1195 1102 1275 Quum
1122 1197 1260 1286 denique
1282 1181 1345 1285 per

181 1323 247 1380 tres
262 1322 384 1390 aetates
409 1310 531 1398 grande
544 1309 689 1395 gentium
707 1309 766 1375 aevi
787 1310 941 1397 spatium,
971 1322 1019 1380 tot
1045 1314 1191 1380 homines
1216 1315 1345 1381 doctis-

182 1429 254 1497 simi
277 1429 434 1518 plurimos
453 1427 614 1495 Ciceronis
632 1427 882 1515 Graecorumque
906 1429 993 1498 locos
1014 1432 1285 1523 emendaverint(
1310 1434 1340 1521 )‚

181 1543 318 1633 legentis
338 1562 418 1633 pace
437 1542 573 1609 dixerim
592 1546 648 1607 'me
672 1542 829 1637 scriptum
855 1563 941 1631 saepe
967 1546 1150 1613 accuratius
1174 1545 1338 1615 attulisse.

181 1662 262 1740 Illis,
279 1681 342 1727 non
358 1647 438 1725 mihi
454 1658 524 1725 laus
539 1667 588 1725 est
603 1656 785 1726 tribuenda.
808 1657 1010 1748 Quapropter
1031 1661 1113 1730 illud
1129 1663 1249 1729 omissa
1270 1685 1342 1730 mo·

182 1776 284 1845 destia
303 1773 466 1865 profiteor.

225 1892 303 1973 Quae
322 1912 423 1980 quum
442 1891 488 1957 ita
510 1890 587 1969 sint,
609 1899 735 1956 tantum
756 1890 848 1957 abest
871 1901 907 1958 ut
924 1894 1134 1980 prudentium
1158 1899 1340 1984 reprehen-
1371 1957 1377 1966 .

178 2011 285 2078 aiones
303 2030 428 2088 verear,
443 2018 479 2074 ut
492 2007 589 2074 etiam
603 2007 710 2072 animo
726 2006 910 2074 firmissimo
933 2010 1016 2076 hanc
1031 2012 1149 2077 thesim
1169 2013 1340 2099 judicibus

179 2129 321 2196 offeram.
342 2128 410 2194 Hoc
424 2136 531 2191 tamen
546 2123 594 2189 illi
608 2123 711 2189 sciant
728 2122 824 2192 velim
841 2144 892 2190 me
905 2146 954 2204 ea,
969 2148 1041 2214 qua
1053 2139 1166 2216 postea
1181 2129 1339 2216 leguntur

120 2232 121 2235 ¹
178 2246 220 2320 de
234 2246 277 2312 Μ.
293 2241 399 2331 Tullio
417 2241 572 2307 Cicerone
590 2236 689 2327 (quali
712 2248 744 2305 et
764 2249 884 2326 quanto
901 2240 970 2308 viro
981 2240 1003 2320 Ι)
1025 2228 1250 2323 disserentem,
1279 2266 1338 2313 so-

108 2362 111 2369 '
178 2363 247 2429 lum
261 2359 416 2451 philologi
426 2377 597 2445 personam
608 2354 776 2421 sustinere.
796 2354 859 2421 Alii
873 2357 1030 2445 profecto,
1050 2360 1198 2426 acumine
1212 2362 1338 2448 ingenii
1374 2408 1376 2413 -

179 2488 235 2546 aut
248 2498 352 2545 rerum
368 2475 511 2544 civilium
523 2493 585 2538 usu
598 2482 801 2560 praestantes
817 2472 1017 2552 Ciceronem,
1034 2474 1158 2542 dulium
1174 2477 1338 2569 Cesarem

179 2606 211 2664 et
234 2595 382 2682 egregios
402 2592 548 2680 ejusdem
568 2589 724 2675 temporis
750 2589 784 2654 in
811 2582 989 2676 Republica
1016 2593 1195 2672 Romanos,
1222 2594 1338 2680 quales
1389 2632 1392 2637 ·

102 2699 104 2704 ¹
180 2716 266 2784 domi
286 2714 447 2781 militiaeve
469 2709 598 2787 fuerint,
626 2707 845 2773 ostenderunt.
874 2707 950 2787 Alii,
977 2710 1116 2796 incoepto
1142 2711 1336 2796 gravissimo

180 2855 243 2901 non
256 2834 408 2919 impares
424 2826 653 2917 philosophum
668 2834 724 2889 aut
740 2834 899 2890 oratorem
916 2823 1098 2898 laudavere.
1124 2826 1192 2912 Ege
1210 2815 1333 2906 autem,

178 2962 290 3039 utpote
307 2947 548 3036 grammaticus
566 2942 669 3008 multo
692 2969 706 3004 «
717 2940 870 3007 inferiora
888 2960 1054 3028 sequor».

211 3207 245 3272 (l)
264 3205 331 3254 nene
352 3203 417 3268 quod
433 3201 514 3251 multoe
529 3198 561 3246 Μ.
576 3196 604 3246 Τ.
623 3193 747 3244 Ciceronis
761 3193 852 3259 paginae
866 3194 897 3243 ab
916 3193 1017 3244 eruditis
1034 3204 1058 3245 et
1075 3195 1180 3245 maxime
1196 3195 1227 3244 ab
1240 3194 1335 3260 Angelo

179 3292 241 3341 Maio
253 3298 354 3356 repertae
366 3289 472 3336 sucrum.
