2790 4770
604 317 806 380 -256-

129 459 236 517 Graece
253 454 284 514 id
300 455 405 532 ipsum
423 472 537 515 laomen
560 456 665 517 babet.
687 457 785 537 Κρόνος
800 455 884 518 enim
907 455 1040 531 dicitur;
1065 454 1120 535 qui
1136 461 1184 518 εει
1200 455 1288 518 idem

132 561 240 644 Χρόνος,
257 562 288 622 id
305 566 364 638 εει,
385 566 516 642 sportam
532 567 683 642 temporis.
969 543 976 558 ⁰

170 671 243 748 Cap.
269 669 327 729 26:
346 703 384 714 -
398 669 535 730 Terrena
563 660 670 730 autem
692 670 738 730 vis
754 670 858 732 omnis
871 675 967 750 atque
988 672 1100 732 natura
1120 667 1186 731 Diti
1208 670 1288 750 patri

133 775 277 837 dedicata
292 779 339 836 est
355 793 361 835 :
379 775 435 854 qui
452 778 548 850 Dices,
566 781 602 838 ut
613 777 697 855 apud
712 782 837 841 Graecos
852 778 992 852 Πλούτων,
1010 776 1086 856 quia
1098 764 1131 838 et
1143 777 1290 839 recidant

133 881 238 943 omnia
252 881 285 942 in
310 886 408 943 terras
426 885 458 942 et
473 882 615 943 oriantur
639 900 657 944 ε
672 883 774 945 terris.
800 887 828 947 Is
842 885 946 963 rapuit
960 886 1190 962 Proserpinam,
1201 885 1288 964 quod

135 992 317 1051 Graecorum
331 1005 448 1050 nomen
462 993 524 1063 est3
554 1006 591 1050 ea
614 989 699 1050 enim
719 996 777 1068 εει,
796 1010 868 1071 quae
887 991 1041 1073 Περσεφόνη
1061 994 1172 1054 Graecc
1186 992 1290 1054 nomi-

96 1152 101 1162 ,
134 1099 246 1156 natur:
264 1110 360 1174 quam
370 1093 495 1171 frugum
508 1110 616 1155 semen
633 1112 701 1156 esse
716 1097 836 1170 volunt,
855 1095 1141 1174 absconditamque
1157 1096 1257 1175 quaeri
1271 1115 1288 1157 a

106 1212 116 1222 ”
136 1205 235 1262 matre
261 1178 394 1277 tingunt.
418 1199 517 1260 Mater
532 1203 639 1261 autem
664 1205 710 1262 est
730 1218 749 1261 a
771 1200 917 1280 gerendis
939 1199 1084 1278 frugibus
1102 1200 1200 1274 Coros,
1226 1204 1289 1260 tan·

136 1323 231 1385 quam
248 1305 354 1376 Geras·
378 1323 516 1385 casuque
533 1305 635 1385 prima
660 1308 764 1370 littera
778 1308 892 1370 itidem
917 1307 1097 1380 immutata,
1117 1309 1155 1367 ut
1176 1308 1288 1369 aGrae·

134 1415 192 1500 cis.
209 1416 286 1475 Nam
302 1414 340 1474 ab
360 1413 421 1474 illis
439 1431 566 1492 quoque
580 1416 723 1496 Δημήτηρ,
738 1418 827 1497 quasi
845 1415 985 1496 Γημήτηρ,
999 1413 1163 1506 nominata
1172 1421 1230 1476 est.

177 1520 251 1600 Gap.
267 1524 304 1581 27
320 1540 326 1581 :
342 1522 474 1581 -Nam
499 1521 588 1582 Vesta
602 1539 721 1584 nomen
735 1541 754 1584 a
767 1523 883 1586 Graecis
904 1528 953 1585 est
971 1541 978 1584 ε
995 1539 1032 1583 ea
1046 1525 1094 1584 est
1108 1521 1208 1598 euim,
1221 1537 1286 1601 qua

137 1628 176 1689 ab
192 1627 253 1688 illis
267 1625 363 1686 Ἑστία
379 1626 507 1688 dicitur.
524 1627 577 1687 Vis
588 1632 696 1690 autem
712 1629 778 1708 ejus
792 1631 831 1690 ad
845 1647 914 1690 aras
927 1632 958 1691 et
977 1629 1071 1690 iocos>
1080 1628 1231 1706 pertinet.

178 1739 252 1816 Gap.
268 1739 307 1798 29
326 1754 333 1795 :
351 1768 389 1780 —
456 1736 550 1797 Velut
564 1752 582 1795 a
596 1741 627 1797 te
651 1736 720 1816 ipso
735 1737 882 1800 hesterno
902 1738 956 1799 die
976 1735 1099 1799 dictum
1122 1740 1181 1812 est,
1197 1751 1286 1798 anum

139 1844 301 1906 fatidicam
314 1841 443 1923 Πρόνοιαν
459 1842 604 1904 aStcicis
619 1842 728 1904 induci
744 1843 787 1923 (id
804 1848 861 1919 εει,
875 1842 1156 1923 Providentiam)...

179 1953 250 2032 Gap.
278 1954 341 2013 36:
364 1953 512 2011 -Hunc
537 1968 646 2010 rursus
675 1951 879 2029 amplectitur
905 1951 1081 2014 immensus
1104 1951 1203 2032 Αἰθήρ,
1237 1950 1285 2030 qui

141 2066 265 2125 constat
287 2079 324 2123 ex
353 2059 513 2121 altissimis
541 2059 676 2137 ignibus.
706 2061 889 2122 Mutuemur
913 2060 975 2122 boc
998 2077 1127 2140 quoque
1151 2060 1284 2132 verbum,

142 2168 329 2245 dicaturque
347 2169 412 2226 tam
426 2166 515 2226 atbar
529 2163 634 2239 latine,
651 2181 749 2244 quam
763 2164 880 2227 dicitur
894 2183 968 2240 oer;
988 2163 1046 2226 etsi
1068 2163 1287 2244 interpretatur

142 2274 303 2349 Pacuvius,
1013 2282 1015 2286 ‘

249 2437 318 2503 Hoc,
337 2433 411 2505 quod
428 2447 564 2502 memoro,
577 2431 665 2489 nostri
680 2433 792 2503 coelum,
804 2431 880 2491 Graii
890 2431 1149 2505 perhibentatospo.

185 2591 278 2661 Quasi
293 2608 365 2653 vero
385 2609 449 2651 non
473 2589 582 2651 Graius
601 2590 663 2652 boc
678 2591 778 2666 dicat3
795 2596 828 2654 at
845 2591 941 2653 latine
953 2592 1118 2673 loquitur:
1139 2590 1288 2671 siquidem

146 2715 201 2757 nos
229 2713 293 2756 non
320 2694 409 2773 quasi
436 2683 542 2756 Graece
574 2694 760 2772 loquentem
784 2695 962 2756 audiamus.
994 2698 1094 2758 Docet
1125 2694 1213 2755 idem
1236 2694 1288 2755 alio

144 2809 236 2869 loco:
268 2838 271 2842 Δ

339 2969 496 3042 Grajugeua
505 2966 540 3024 de
553 2968 606 3024 isto
619 2965 706 3039 aperit
720 2969 772 3022 ista
787 2968 887 3024 oratio.

191 3136 266 3212 Cap.
293 3134 330 3193 37
355 3150 361 3190 :
389 3129 503 3189 -Isti
526 3133 632 3190 autem
658 3129 929 3208 quemadmodum
953 3132 1156 3205 asseveranti
1172 3145 1208 3189 ex
1234 3143 1290 3187 cor·

150 3239 290 3318 pusculis
318 3256 382 3299 nnn
403 3237 519 3310 colore,
544 3253 607 3296 uon
629 3235 904 3313 qoolttotoolo‘qoo,
927 3251 1022 3313 quam
1045 3231 1182 3304 Ποιότητα
1202 3230 1289 3294 Graeci

145 3351 271 3422 vocant,
300 3363 364 3407 non
389 3361 482 3405 sensu
508 3342 661 3421 praeditis,
692 3342 746 3402 sed
775 3340 1039 3402 concurrentibus
1067 3345 1291 3418 temereatque

150 3474 234 3531 casu,
252 3454 407 3514 mundum
422 3469 489 3514 essa
504 3452 738 3530 perfectumi...

186 3563 260 3640 Cap.
276 3563 314 3622 d3
331 3579 338 3621 :
354 3593 391 3606 —

372 3726 428 3779 Has
443 3722 533 3779 Graeci
546 3723 638 3779 stellas
660 3724 746 3780 Ὑάδας
759 3721 878 3778 vocitare
890 3729 1014 3789 suerunt,

153 3881 328 3962 coplae-mim
343 3878 420 3938 Ὕειν
435 3876 519 3938 enim
535 3883 582 3937 est
596 3879 714 3955 pluero.
731 3877 836 3938 Nostri
850 3876 997 3954 imperite
1011 3877 1140 3939 Saoalos
1154 3875 1295 3955 :quasia

152 3989 259 4051 suibus
273 3990 387 4059 essent,
401 4002 465 4045 non
479 3982 518 4043 ab
533 3981 690 4045 imbribus
706 3983 888 4045 nominatas.
