2790 4770
556 308 796 371 --teao-
876 384 877 387 Ν
961 274 968 293 '

157 446 230 523 Cap.
246 444 286 505 20
306 462 380 503 :--
394 441 555 522 Quidquid
578 445 662 506 euim
688 451 745 521 est,
761 444 847 524 quod
874 444 931 505 sub
947 443 1071 504 aurium
1087 460 1269 503 mensuram

112 549 255 629 aliquam
269 549 365 627 cadit,
387 549 511 613 etiamsi
522 551 612 614 abest
626 570 644 612 a
656 569 747 614 versu
759 554 844 629 (nam
870 550 902 610 id
914 548 1045 628 quidem
1060 547 1211 611 orationis
1223 554 1272 611 est
1286 550 1291 562 '

113 655 252 732 vitium),
267 676 409 718 nameus
421 663 560 732 vocatur,
580 659 634 738 qui
653 661 762 721 Graece
780 657 923 737 «Ῥυθμὸς
934 681 948 716 o
971 655 1098 718 dicitur.

108 807 111 813 ,
157 768 231 848 Cap.
248 770 280 827 ἓ(
301 786 308 828 :
327 801 361 812 -
378 767 420 829 Ut
431 764 516 828 enim
539 766 571 834 in
589 765 663 840 vita,
683 765 728 827 sic
747 764 780 826 iu
792 766 935 827 oratioue
955 763 1034 826 nibil
1048 771 1096 826 est
1111 763 1272 826 difficilius

114 890 214 954 quam
238 871 314 952 quid
332 874 443 935 deceat
466 872 583 934 videre.
606 894 620 929 u
637 871 742 954 [Ιρέπον
756 895 771 930 a
798 873 960 951 appellant
980 853 1041 932 hoa
1067 868 1186 934 Graeci:
1214 891 1272 933 nos

115 977 261 1041 dicamus
277 997 350 1041 sane
370 981 587 1041 «Decorum...
603 999 619 1036 a

158 1090 233 1166 Gap.
250 1091 299 1159 (ὃ.
328 1088 470 1149 ·-,1113ιρ
487 1092 594 1148 autem
615 1083 875 1162 concinnitatem,
894 1104 966 1164 qum
982 1085 1155 1148 verborum
1179 1085 1274 1147 collo

116 1194 276 1258 cntionem
290 1191 449 1256 illuminat
460 1193 508 1255 his
524 1194 697 1268 luminibus,
712 1210 783 1272 quae
798 1190 910 1268 Graeci,
921 1190 1010 1271 quasi
1029 1191 1151 1272 aliquos
1166 1199 1273 1273 gestus

116 1300 280 1378 orationis,
300 1300 463 1381 «Σχήματα
484 1322 499 1358 a
517 1300 677 1379 appellant
696 1298 791 1380 (quod
810 1298 896 1360 idem
917 1297 1050 1372 verbum
1062 1298 1102 1359 ab
1114 1297 1164 1360 his
1177 1296 1273 1360 etiam

117 1412 151 1472 in
179 1409 406 1472 sententiarum
434 1411 619 1469 ornamenta
642 1405 846 1482 transfertur)
877 1402 1020 1481 adhibet,
1057 1403 1189 1484 quidam
1220 1405 1275 1467 bic

118 1512 283 1576 subtilis...
1052 1528 1055 1533 ’

162 1623 268 1697 Orat,
296 1638 364 1700 cap.
382 1624 419 1683 ei
442 1638 449 1681 :
479 1655 512 1664 —-
542 1622 629 1682 Hane
648 1617 848 1711 ‹1‘faattaqio
877 1641 893 1678 n
916 1621 1081 1697 libatores,
1099 1620 1173 1700 quia
1187 1620 1275 1701 quasi

119 1733 353 1791 summutantur
363 1721 458 1790 ¹verba
474 1727 663 1806 proverbis,
682 1750 697 1787 «
711 1707 888 1808 Μετωνυμίαν
902 1752 915 1786 u
934 1729 1139 1792 Grammatici
1151 1736 1275 1806 vocant,

119 1838 206 1917 quod
218 1831 347 1899 nomilia
358 1836 600 1899 transferuntur.
611 1837 798 1899 Aristoteles
808 1844 914 1900 autem
925 1837 1120 1899 translationi
1130 1837 1199 1899 haee
1210 1837 1278 1916 ipsa
1349 1922 1352 1927 .

119 1942 293 2023 subjungit,
322 1949 354 2006 et
374 1944 556 2018 abusionem,
585 1962 679 2022 quam
697 1966 711 2002 a
724 1944 925 2027 Κατάχρησιν»
954 1949 1088 2006 vocant:
1112 1950 1157 2021 ut,
1179 1962 1278 2024 quum
1365 1946 1368 1951 ’

121 2048 282 2114 minutum
307 2048 441 2113 dicimus
454 2050 596 2111 animum
609 2070 667 2129 pro
683 2069 789 2130 parvo,
809 2057 840 2114 et
858 2050 1019 2113 abutimur
1033 2049 1136 2113 verbis
1147 2049 1279 2132 propin·

121 2160 204 2240 quis,
222 2157 247 2220 si
263 2177 342 2237 opus
360 2164 417 2233 est,
435 2160 483 2220 vel
500 2158 587 2238 quod
601 2159 750 2237 delectat,
765 2161 813 2222 vel
833 2161 918 2239 quod
938 2160 1041 2222 decet.

163 2271 239 2348 Gap.
252 2272 303 2344 m,
316 2267 445 2329 ibidem:
458 2302 498 2313 -
511 2269 582 2330 lam
598 2286 697 2349 quum
709 2264 868 2330 fluxerunt
880 2271 986 2348 plures
1001 2268 1162 2331 continuae
1174 2273 1278 2330 traus-

122 2385 267 2460 lationes,
293 2382 354 2445 alia
369 2385 462 2464 plane
477 2383 513 2447 lit
531 2384 642 2448 oratio.
671 2386 782 2464 ltaque
796 2403 894 2464 genus
908 2386 971 2446 hoc
992 2382 1094 2446 Graeci
1116 2385 1278 2463 appellant
1336 2426 1339 2431 -
1376 2448 1378 2453 ,

122 2491 294 2574 ἀλληγορίαν,
332 2488 461 2553 nomine
490 2499 587 2568 recte,
613 2509 727 2572 genere
757 2493 870 2554 melius
901 2490 965 2566 ille,
998 2492 1051 2571 qui
1084 2491 1143 2555 ista
1171 2490 1278 2554 omnia

124 2601 335 2661 translationes
348 2605 450 2662 vocat.
490 2598 492 2604 ’
1200 2682 1202 2687 Δ

164 2710 240 2786 Gap.
257 2710 296 2769 36
313 2725 320 2767 :
336 2740 372 2752 -
391 2707 472 2769 Tum
485 2712 560 2769 sunt
573 2705 710 2769 maxime
722 2705 889 2769 luminosae
902 2715 933 2770 et
954 2707 1043 2788 quasi
1055 2714 1194 2770 actuosae
1208 2726 1279 2788 par·

124 2821 172 2876 tes
188 2814 260 2874 duae
285 2829 444 2890 :quarum
465 2812 597 2873 alteram
620 2813 653 2872 in
684 2812 819 2875 universi
845 2797 969 2893 generis
985 2815 1152 2890 Quaestione
1179 2832 1277 2895 pono,

125 2935 222 2999 quam
242 2918 290 2998 (ut
314 2934 408 2996 supra
429 2915 506 2995 dixi)
530 2915 630 2980 Graeei
651 2919 812 2998 appellant
829 2942 842 2977 u
860 2919 966 2982 Θέσινι
990 2944 1004 2979 a
1025 2923 1154 2982 alteram
1175 2921 1208 2982 in
1223 2940 1282 2983 au·

126 3021 237 3103 gendis
258 3022 553 3102 amplificandisque
576 3025 679 3101 rebus,
707 3043 777 3109 quae
806 3025 845 3086 ab
868 3025 989 3088 eisdem
1021 3026 1163 3101 «Αὔξησις
1180 3051 1193 3087 a
1231 3032 1279 3089 est

128 3130 302 3193 nominata.
394 3123 398 3128 ’
1232 3197 1234 3200 ,

167 3239 240 3318 (lap.
267 3239 317 3313 36,
333 3236 444 3297 ibidem
461 3255 471 3298 .·
489 3237 698 3319 -Quidquid
719 3244 766 3300 est
781 3239 867 3300 euim
881 3239 971 3316 illud,
990 3240 1022 3300 in
1037 3258 1100 3321 quo
1116 3237 1205 3320 quasi
1217 3258 1284 3302 eer-

129 3352 228 3407 tamea
251 3352 294 3407 eet
317 3331 533 3422 controversie,
549 3346 636 3425 quod
655 3349 764 3409 Graece
786 3346 978 3426 «Κρινόμενον
1000 3372 1015 3408 o
1041 3347 1168 3422 dieitur,
1187 3347 1217 3408 id
1241 3344 1285 3410 ita

130 3450 192 3514 diei
209 3452 324 3530 placet,
341 3456 377 3511 ut
391 3450 576 3513 traducatur
586 3453 626 3514 ad
641 3460 829 3531 perpetuam
848 3454 1068 3532 quaestionem,
1083 3459 1178 3532 atque
1192 3458 1228 3515 ut
1241 3452 1283 3515 de

131 3559 275 3620 universo
289 3575 405 3637 genere
422 3557 588 3621 dicatur...

170 3667 244 3745 Gap.
262 3668 299 3727 37
318 3684 325 3727 :
344 3701 381 3712 —-
403 3669 473 3728 Duo
499 3673 583 3744 sunt,
600 3685 672 3748 quae
696 3667 777 3729 beno
790 3673 924 3730 tractata
941 3669 981 3731 ab
995 3674 1132 3744 oratore,
1149 3669 1286 3730 admira-

133 3774 230 3837 bilem
258 3773 472 3858 eloquentiam
499 3775 617 3837 faciant
633 3795 640 3836 :
658 3793 793 3854 quorum
823 3777 958 3838 alterum
987 3782 1045 3853 est,
1076 3777 1161 3857 quod
1186 3778 1287 3840 Graeci

138 3901 152 3938 u
165 3879 276 3942 Ἧθικόν
290 3901 306 3938 a
320 3886 444 3957 vocant,
458 3881 497 3941 ad
514 3887 641 3943 naturas
657 3882 741 3942 etad
760 3899 863 3944 mores
881 3888 913 3944 et
926 3884 964 3943 ad
980 3900 1109 3944 omnem
1124 3881 1194 3943 vitae
1213 3900 1290 3944 con·

135 3989 338 4052 suetudinem
361 3989 653 4062 accommodatum3
685 3979 832 4065 alterum,
853 3990 939 4067 quod
955 3988 1053 4050 iidem
1072 4010 1087 4048 o
1104 3987 1257 4062 Παθητικόν
1271 4010 1285 4047 a
1314 3962 1318 3976 ¹

135 4093 313 4170 nominant,
341 4114 405 4175 quo
434 4094 662 4175 perturbentur
682 4095 780 4156 animi
802 4100 834 4157 et
857 4095 1080 4172 concitantur,
1093 4096 1126 4157 in
1148 4111 1211 4173 quo
1225 4110 1289 4154 uno

137 4209 246 4285 regnat
266 4203 377 4291 oratio.

176 4311 250 4390 Cap.
276 4311 339 4371 te:
365 4343 402 4353 -
429 4310 562 4389 Semper
584 4308 665 4385 haec,
683 4326 755 4388 quae
773 4308 873 4370 Graeoi
896 4308 1058 4369 uilo-‚fissa
1073 4333 1088 4368 a
1112 4306 1291 4383 nominant,
