2790 4770
605 336 650 350 -
678 302 737 367 127
762 337 806 348 -

124 445 220 519 atque
239 447 274 504 ut
288 442 386 503 tutius
400 459 527 503 causam
542 447 694 520 patronus
718 443 857 504 vinceret
876 441 994 522 (quam,
1017 457 1057 501 ne
1071 457 1136 501 non
1159 437 1281 517 optima

126 556 295 634 videretur,
318 558 489 634 metuebat,
514 558 774 639 quandoquidem
797 557 877 619 dixit
898 574 932 618 se
952 557 1032 618 nihil
1058 557 1144 619 aliud
1173 554 1280 617 videre

126 663 212 742 quod
240 681 333 744 agere
359 667 488 744 posset),
514 667 660 738 Brutum,
687 665 893 727 excellentem
919 661 1006 725 omni
1026 678 1141 742 genere
1166 658 1280 734 laudis,

127 772 400 850 commemoravit,
416 778 462 845 ut,
482 772 561 836 tanti
584 774 719 854 exempli
736 771 924 836 auctoritate
949 771 1101 847 munitus,
1119 767 1280 831 inanitatis

103 898 108 906 ’
127 880 354 943 absolveretur.
755 954 758 962 Ι

158 992 237 1062 ¹Non
262 997 348 1054 certe
369 992 488 1055 doloris
513 991 706 1055 medicinam
728 989 965 1071 aphilosophia
987 988 1098 1068 petivit
1119 988 1179 1070 (t)l
1201 988 1282 1059 Ono-

128 1099 227 1160 modo
237 1097 323 1160 enim
335 1106 520 1178 perceptum
533 1101 638 1163 animo
660 1101 821 1163 habuisset
839 1098 925 1161 illam
941 1117 978 1162 ea
991 1100 1104 1161 virtute
1117 1115 1184 1160 esse
1199 1116 1283 1177 prs-

129 1204 241 1281 ditam,
255 1211 292 1268 ut
310 1205 523 1271 calamitatem
532 1208 684 1284 sublevet,
706 1226 803 1288 quum
820 1209 916 1269 modo
938 1207 1065 1282 veteris,
1080 1208 1178 1268 modo
1194 1224 1283 1268 norim

129 1312 308 1376 Academiae
323 1315 475 1378 doctrinis
500 1316 541 1397 (2)
570 1335 603 1389 se
626 1318 728 1380 favere
757 1315 961 1397 profiteatur?
979 1313 1143 1377 Insolitam
1164 1313 1283 1395 quippe

129 1421 212 1483 hanc
226 1421 353 1484 videbat
367 1423 456 1503 quasi
472 1424 650 1500 materiam,
674 1422 707 1484 in
722 1440 824 1504 quase
839 1419 1013 1501 plurimum
1027 1423 1129 1483 valere
1146 1421 1283 1483 dicendo

130 1546 240 1592 rursus
251 1529 401 1609 probaret
416 1531 469 1612 (3).
481 1531 629 1592 Summus
648 1536 755 1593 orator
769 1528 802 1591 in
819 1530 1013 1593 illustrandis
1027 1531 1120 1592 rebus
1134 1530 1285 1595 inauditis

131 1635 318 1698 elaboravit.
328 1639 373 1698 Ad
386 1637 471 1699 illam
485 1637 621 1718 igiturse
634 1638 727 1700 vertit
737 1639 879 1700 scholam
891 1636 1219 1701 litteriseruditiorem
1230 1636 1284 1718 (l),

132 1763 204 1825 quae
230 1742 333 1805 minus
356 1745 524 1825 diligenter
537 1746 687 1825 dogmata
705 1746 965 1825 persequebatur.
989 1747 1068 1807 Nam
1080 1762 1130 1806 res
1156 1743 1287 1823 ipsas‚a

132 1849 249 1929 quihus
271 1848 398 1912 initium
427 1851 655 1930 cujuscumque
677 1851 791 1912 domus
814 1848 1026 1931 philosophiae
1051 1852 1182 1912 ductum
1213 1854 1283 1926 est,

133 1966 242 2027 utrum
253 1960 446 2039 approbares
455 1979 492 2021 au
502 1959 710 2040 improbares,
725 1958 992 2038 parvirelerebat·:
1005 1959 1076 2022 haec
1092 1960 1177 2021 enim
1191 1959 1232 2021 ad
1252 1961 1288 2019 fl·
1376 1987 1379 1994 v

134 2065 214 2128 lium
223 2067 362 2145 scripsit:
379 2069 516 2129 «Nostra
531 2067 638 2148 legens
650 2086 715 2129 non
726 2069 861 2129 multum
877 2066 1290 2147 aPeripateticisdissidcn-

133 2172 192 2249 tia;
213 2173 364 2264 quoniam
387 2173 513 2253 utrique
530 2178 559 2235 et
587 2174 740 2237 Socratici
755 2181 786 2237 et
806 2176 961 2239 Platonici
982 2176 1231 2240 essevolumus:
1247 2176 1287 2238 de

134 2281 230 2344 rebus
244 2281 320 2360 ipsis
332 2288 422 2345 utere
438 2289 492 2345 tuo
504 2281 641 2362 judici03
656 2282 737 2345 nihil
752 2285 836 2346 enim
855 2286 998 2365 impedio
1013 2286 1097 2368 (5).s
1113 2322 1150 2332 -
1167 2287 1229 2350 Sed
1249 2285 1288 2348 dc

135 2388 365 2470 philosophicis
377 2390 605 2471 quaestionibus
621 2391 730 2467 voluit,
747 2397 782 2454 ut
795 2390 862 2471 ipse
879 2390 968 2468 dixit,
983 2394 1123 2472 pandere
1137 2395 1206 2456 vela
1220 2413 1291 2456 ora·
1382 2400 1386 2407 '

134 2500 244 2577 tionis,
259 2504 397 2563 setantae
412 2500 457 2562 rei
471 2500 673 2580 perficienda
684 2520 749 2564 non
770 2502 926 2581 imparem
938 2508 1033 2565 ratus.
1046 2504 1189 2582 Namque
1202 2502 1288 2564 idem

135 2609 200 2671 lilio
221 2627 228 2669 :
257 2629 273 2667 r
288 2608 468 2671 Orationem
483 2609 624 2686 latinam,
644 2610 698 2683 ait,
720 2611 862 2688 prolecto
878 2611 1019 2690 legendis
1040 2611 1156 2673 nostris
1171 2610 1289 2672 efficies

137 2716 333 2797 pleniorem3
361 2735 420 2779 nec
448 2735 521 2779 vero
547 2721 731 2796 arroganter
757 2718 819 2779 hoc
844 2717 966 2780 dictum
992 2716 1166 2780 existimari
1181 2714 1286 2779 velim.

137 2833 218 2894 Nam
234 2828 477 2908 philosophandi
493 2827 659 2889 scientiam
674 2825 853 2890 concedens
862 2827 982 2904 multis,
997 2828 1082 2907 quod
1096 2832 1143 2889 est
1157 2823 1291 2889 oratoris
1364 2907 1366 2911 Ι

138 2939 316 3023 proprium,
336 2943 409 3017 apte
424 2935 571 2999 distincte
586 2943 760 3016 ornateque
783 2937 901 3014 dicere,
919 2935 1070 3017 quoniam
1085 2934 1118 2994 in
1133 2950 1170 2995 eo
1185 2932 1291 2995 studio

139 3053 267 3110 aetatem
286 3044 478 3124 consumpsi,
503 3045 527 3104 si
545 3041 576 3104 id
595 3042 673 3105 mihi
688 3060 832 3117 assumo,
851 3040 961 3104 videor
982 3042 1014 3102 id
1030 3058 1102 3104 meo
1128 3040 1200 3119 jure
1214 3057 1294 3120 quo·

141 3153 316 3218 dammodo
340 3151 543 3215 vindicare.»
564 3152 599 3212 Et
613 3152 645 3212 id
668 3151 799 3231 quidem
816 3169 915 3232 quum
932 3150 1052 3213 nemini
1072 3150 1193 3212 videret
1212 3151 1294 3211 Grae·

139 3281 253 3329 corum
274 3258 442 3341 contigisse
457 3266 493 3322 ut
516 3258 601 3321 idem
621 3260 654 3321 in
668 3265 804 3340 utroque
818 3278 934 3341 genere
954 3261 1142 3336 elaboraret,
1164 3277 1233 3322 sese
1248 3260 1297 3321 in·

140 3370 294 3434 solentius
306 3368 417 3431 extulit
431 3383 438 3430 2
456 3367 557 3429 filium
571 3367 657 3428 enim
670 3368 814 3429 hortatus
827 3373 874 3430 est
888 3373 995 3429 utnon
1017 3369 1121 3430 solum
1136 3367 1294 3429 orationes

175 3561 212 3627 (1)
229 3560 291 3622 Cic,
308 3554 416 3617 Tuscul,
430 3557 462 3620 ll,
476 3559 509 3607 4.
527 3581 538 3602 ι
551 3535 613 3608 Nam
628 3556 704 3608 efficit
722 3555 771 3607 hoc
791 3555 946 3624 philosophia
959 3571 966 3608 t
981 3557 1093 3625 medetur
1103 3555 1199 3618 animis,
1215 3553 1298 3605 inanes

140 3643 316 3698 sollicitudines
332 3642 448 3704 detrahit,
468 3638 643 3710 cupiditatibus
660 3640 757 3703 liberat,
780 3640 849 3709 pellit
862 3634 970 3694 timores.
984 3641 1031 3694 Sed
1052 3641 1101 3692 bac
1123 3641 1173 3710 ejus
1190 3634 1229 3690 vis
1250 3656 1299 3689 non

142 3728 207 3781 Mem
215 3739 296 3801 potest
309 3727 376 3800 apud
389 3745 479 3780 omnes.
490 3762 513 3779 ..
531 3749 544 3773 n

178 3820 214 3886 (2)
231 3817 294 3867 llum
313 3816 340 3866 in
357 3810 500 3882 disciplinis,
514 3823 636 3882 quaesunt
650 3815 680 3864 de
699 3813 751 3865 vita
768 3823 793 3865 et
811 3815 929 3875 moribus,
945 3807 1019 3866 etiam
1032 3814 1177 3881 plerumque
1188 3811 1299 3863 Stoicum

143 3903 259 3970 essequis
271 3902 381 3969 ignorat?
867 3897 872 3905 ⁴
1072 3941 1081 3957 ,

178 3990 215 4054 (3)
234 3986 319 4038 Libros
339 3985 429 4054 quibus
447 3978 629 4053 Philosophiam
646 3984 789 4048 illustravit,
810 3978 949 4036 incredibili
970 3984 1093 4037 celeritate
1115 3981 1302 4048 admirabilique

141 4070 236 4140 ingenii
249 4070 360 4121 ubertate
376 4068 527 4135 conscripsit.
550 4066 666 4128 «Plura,
689 4067 784 4134 inquit,
804 4062 874 4118 breti
889 4077 999 4137 tempore
1021 4084 1104 4120 eversa
1125 4078 1200 4135 quam
1218 4065 1302 4117 multis

144 4156 217 4212 annis
230 4164 309 4208 stante
321 4153 446 4222 republica
457 4153 596 4221 scripsimus
611 4175 624 4200 n
640 4151 680 4220 (de
696 4152 764 4220 oss„
777 4152 821 4216 lll,
836 4155 872 4220 4).

179 4245 215 4312 (4)
232 4237 293 4302 cia,
309 4242 565 4303 Orat.,3;-Brut1,
579 4243 635 4291 120⁶

181 4333 218 4402 (5)
234 4329 285 4398 Ιώ,
304 4327 334 4379 de
350 4328 416 4396 ⁰qu
427 4328 446 4387 1,
465 4331 487 4377 l.
