2790 4770
25 1838 29 1843 .
101 1774 250 1842 Primum
271 1771 422 1860 equidem
445 1772 608 1859 inquirere
634 1773 720 1840 volui
745 1783 901 1860 quantum
920 1773 1012 1839 latini
1040 1774 1213 1862 scriptores

59 1893 172 1961 Graeca
185 1887 381 1976 exemplaria
391 1887 633 1975 interpretando
646 1910 666 1954 a
682 1888 796 1977 primis
815 1889 995 1955 litterarum
1007 1889 1213 1957 incunabulis

59 2006 190 2076 divitias
206 2004 302 2093 patrii
325 2004 482 2070 sermonis
499 2005 646 2070 auxerint
666 2029 673 2069 ε
694 2025 793 2093 quum
815 2026 892 2073 vero
914 2004 970 2071 illa
985 2007 1120 2072 materia
1135 2005 1215 2071 mihi

57 2126 91 2190 in
109 2126 215 2212 majus
241 2142 383 2189 crescere
401 2122 578 2209 videretur,
598 2122 679 2190 meis
695 2143 760 2189 non
786 2144 879 2210 aequa
902 2121 1044 2200 viribus,
1071 2123 1145 2190 ideo
1166 2123 1222 2206 rei

58 2239 234 2328 propositae
259 2237 339 2304 fines
365 2235 583 2325 terminosque
607 2237 772 2325 constitui,
802 2247 835 2304 et
857 2257 922 2304 uno
949 2248 1119 2304 contentus
1142 2258 1215 2304 sum

59 2359 102 2424 M.
118 2356 224 2424 Tullio
242 2355 407 2433 Cicerone,
425 2374 521 2442 quem
537 2355 616 2420 satis
632 2364 757 2421 constat
780 2352 1070 2442 locupletissimum
1087 2353 1216 2421 dicendi

60 2473 251 2558 magistrum
279 2483 311 2537 et
341 2481 504 2539 auctorem
529 2470 699 2538 exstitisse.
728 2471 819 2538 Idem
845 2467 988 2535 multae
1013 2468 1215 2557 principibus

62 2587 192 2656 Graeciae
209 2586 325 2674 poetis,
342 2585 444 2652 multa
464 2605 482 2650 e
497 2584 629 2652 Platone
650 2594 706 2650 aut
723 2581 895 2649 Aristotele
906 2582 939 2646 in
958 2582 1095 2649 latinum
1110 2594 1214 2650 trans-

60 2705 157 2770 tulit:
176 2723 279 2790 eoque
298 2705 468 2791 justiorem
488 2702 575 2789 apud
599 2721 658 2768 nos
682 2701 820 2787 gratiam
846 2709 1018 2767 consecuta
1042 2710 1117 2766 sunt
1144 2701 1212 2768 haec

60 2819 240 2908 praesertim
264 2823 306 2888 M.
332 2818 428 2888 Tullii
457 2819 647 2906 fragmenta,
680 2819 767 2906 quod
790 2817 916 2884 nullum
941 2817 1030 2884 aliud
1054 2819 1212 2906 ejusmodi

61 2946 304 3002 monumentum
318 2933 544 3000 florentissima
562 2933 696 3000 Caesaris
711 2932 849 3018 Augusti
864 2943 942 2998 aetas
957 2933 1137 3020 posteritati
1149 2945 1214 3001 tra·

37 3062 42 3071 '
61 3051 153 3117 didit.
172 3050 388 3130 Quamobrem
403 3069 509 3137 operae
520 3051 660 3136 pretium
673 3059 722 3116 est
735 3049 929 3137 perspicere,
945 3048 1115 3135 diligenter
1125 3072 1213 3119 com·

60 3165 182 3253 paratis
192 3165 362 3252 utriusque
373 3164 493 3250 linguae
504 3164 594 3243 locis,
610 3164 689 3252 quid
705 3164 815 3231 Cicero
831 3175 926 3252 poeta
936 3176 992 3231 aut
1000 3165 1214 3254 philosophus

61 3279 314 3368 interpretationi
338 3281 522 3348 Graecorum
545 3279 705 3358 debuerit,
727 3290 759 3347 et
779 3260 898 3368 quibus
921 3283 1120 3367 argumentis
1136 3305 1214 3371 pro-

22 3408 24 3412 “
64 3396 130 3462 'tari
151 3407 249 3484 queat
271 3413 306 3463 ut
327 3397 383 3462 ille
410 3417 529 3463 novum
552 3417 730 3465 sermonem
761 3398 802 3462 ad
827 3397 1064 3485 philosophiam
1088 3399 1215 3468 finxerit

61 3511 298 3579 illustrandam.
320 3514 367 3580 Ne
380 3513 480 3578 lector
490 3523 537 3579 tot
549 3512 631 3599 loca,
643 3523 691 3579 tot
704 3511 803 3578 verba
817 3532 876 3599 per
890 3512 994 3580 varios
1005 3513 1215 3583 disseminata

61 3629 163 3696 libros
182 3629 356 3716 quaerendo
379 3628 481 3694 otium
499 3628 617 3694 lrustra
634 3640 849 3706 consumeret,
874 3649 934 3714 ego
958 3649 1069 3696 omnes
1085 3632 1215 3699 Cicero-

61 3748 167 3814 nianae
181 3746 400 3813 translationis
415 3747 571 3837 reliquias
587 3747 620 3810 in
639 3747 699 3812 hoc
715 3745 872 3834 opusculo
892 3747 1007 3833 collegi
1029 3773 1036 3813 :
1059 3748 1215 3835 quinimo

62 3864 225 3932 commodi
246 3864 351 3951 gratia
368 3884 492 3942 eorum,
516 3863 634 3951 quibus
657 3864 696 3929 de
717 3863 938 3952 pernoscenda
953 3873 1089 3951 utraque
1103 3863 1213 3952 lingua

61 4002 148 4048 curae
164 3981 238 4058 erit,
255 3979 394 4047 indicem
411 3980 515 4069 adjeci
537 4000 640 4066 greco
649 3980 799 4046 -latinum
816 4005 823 4044 :
841 3981 962 4067 quippe
977 3979 1032 4067 qui
1051 4002 1110 4068 pro
1131 3993 1218 4050 certo

61 4095 216 4162 haberem
231 4097 319 4162 haud
335 4097 429 4163 multi
442 4117 512 4163 esse
526 4097 680 4164 momenti
691 4116 779 4162 meas
796 4096 1042 4182 disputationes,
1059 4098 1220 4166 neminem

61 4223 173 4278 autem
197 4212 244 4277 ita
266 4210 483 4298 negligentem
506 4213 540 4278 in
567 4213 777 4298 grammatica
800 4232 894 4300 posse
912 4212 1045 4300 reperiri
1072 4215 1128 4302 qui
1159 4235 1226 4280 non

894 4331 900 4341 ’
1076 4335 1095 4394 l
