2790 4770
557 277 598 290 -
630 243 757 306 tse-

71 394 121 437 me
139 380 226 437 inrito
241 395 426 454 :quanquam
445 395 529 437 omne
549 380 710 454 colligatum
727 379 796 438 solvi
818 387 926 452 potest,
945 378 995 436 sed
1016 377 1232 454 haudquaquam

70 496 140 553 boni
155 501 208 566 est,
222 497 330 554 ratione
340 495 465 554 vinctum
479 496 547 553 velle
561 494 722 553 dissolvere.
737 495 791 553 Sed
808 495 944 568 quoniam
959 497 1012 552 orti
1028 496 1104 564 estis,
1119 497 1231 554 immor·

72 615 146 672 tales
167 630 217 671 vos
235 615 350 687 quidem
364 630 423 674 esse
445 623 473 671 et
492 612 695 672 indissolubiles
718 630 775 670 non
792 614 908 687 potestis
925 634 931 670 ε
950 613 1113 686 neutiquam
1136 623 1233 672 tamen

73 732 276 803 dissolvemini,
293 747 345 789 nec
357 748 406 789 vos
422 733 480 790 ulla
494 733 592 790 mortis
603 731 661 790 lata
676 732 824 805 periment,
839 748 893 788 nec
905 730 981 788 fraus
996 731 1132 789 valentior
1146 748 1233 805 qnam

72 847 224 906 consilium
235 865 329 906 meum
337 869 345 920 3
354 849 428 923 quod
437 851 577 925 majusest
585 850 725 907 vinculum
735 850 772 908 ad
780 851 994 924 perpetuitatem
1004 859 1133 923 vestram,
1146 868 1232 926 quam

73 965 132 1034 illa,
148 967 248 1040 quibus
261 966 329 1024 estis
346 976 422 1037 tum,
439 982 528 1040 quum
541 968 747 1042 gignebamini,
761 968 892 1042 colligati.
916 968 989 1042 Quid
1010 969 1130 1027 sentiam
1148 969 1233 1043 igitur

73 1091 244 1164 cognoscite.
252 1091 318 1147 'tria
328 1090 408 1147 nobis
418 1106 519 1164 genera
533 1090 641 1165 reliqna
651 1100 731 1160 sunt,
746 1108 833 1165 eaque
844 1091 993 1160 mortalia3
1008 1091 1107 1164 quibus
1120 1101 1233 1165 praeter·

72 1207 179 1278 missis,
191 1206 252 1264 coeli
260 1205 395 1284 absolutio
403 1204 525 1280 perlecta
534 1223 592 1264 non
601 1207 663 1264 erit.
673 1207 777 1263 Omnia
787 1207 860 1262 enim
871 1221 973 1278 genera
983 1205 1149 1263 animalium
1157 1222 1232 1264 com·

75 1328 158 1400 plexu
172 1342 230 1384 uon
243 1326 367 1395 tenebit3
382 1333 475 1383 teneat
488 1333 585 1382 antem
601 1324 756 1398 oportebit,
770 1329 802 1382 ut
816 1325 916 1383 ecdem
932 1342 966 1383 ue
984 1327 1049 1400 quid
1065 1326 1147 1384 absit.
1163 1327 1232 1398 Quae

73 1461 152 1502 arne
165 1446 226 1518 ipso
241 1441 341 1503 effecta
359 1444 431 1514 siut,-
453 1443 528 1517 quod
549 1446 674 1500 Deorum
693 1442 778 1499 vitam
799 1445 887 1515 possit
907 1443 1065 1518 adaequare.
1084 1446 1125 1502 Ut
1148 1445 1233 1518 igitur

74 1563 188 1619 mortali
201 1569 367 1635 generentur
382 1554 550 1629 conditione,
567 1575 617 1616 vos
630 1559 763 1633 suscipite
777 1569 809 1617 ut
823 1561 869 1621 illa
884 1561 1014 1635 gignatis,
1032 1562 1233 1637 imiteminique

74 1680 135 1736 vim
148 1693 251 1748 meam,
268 1693 321 1750 qun
342 1677 371 1734 in
389 1683 481 1734 vestro
496 1684 559 1732 ortu
573 1690 619 1731 me
637 1690 719 1731 usum
743 1691 803 1732 esse
822 1675 1006 1733 meministis:
1021 1676 1051 1732 in
1069 1677 1168 1751 quibus
1183 1679 1231 1752 qui

75 1795 146 1853 tales
160 1803 302 1864 creantur,
318 1802 349 1851 ut
362 1796 484 1850 Deorum
496 1789 697 1876 immortalium
710 1791 788 1863 quasi
802 1792 918 1865 gentiles
928 1809 987 1849 esse
1000 1793 1130 1860 debeant,
1142 1791 1230 1849 divini

75 1911 186 1982 generis
204 1911 388 1983 appellentur,
411 1917 578 1980 teneantque
601 1906 730 1963 omnium
752 1909 939 1967 animantium
961 1908 1157 1982 principatum,
1180 1925 1230 1965 vo·

75 2019 174 2090 bisque
186 2017 248 2091 jure
262 2024 290 2073 ct
306 2015 368 2088 lege
381 2016 505 2073 volentes
519 2020 650 2087 pareant3
667 2028 789 2085 quorum
807 2015 886 2072 vobis
900 2015 1008 2072 initium
1026 2023 1156 2088 satusque
1172 2023 1231 2071 tra·

73 2124 153 2181 ditur
166 2139 183 2181 a
195 2138 239 2179 me
252 2139 319 2180 :vos
332 2131 427 2180 autem
438 2123 472 2179 ad
485 2122 524 2191 id,
539 2123 612 2196 quod
626 2126 679 2182 erit
692 2122 863 2192 immortale,
876 2131 984 2196 partem
997 2122 1140 2180 attexitote
1153 2138 1230 2179 mor·

73 2232 171 2290 talem.
185 2233 227 2290 lta
245 2232 370 2290 orientur
390 2231 563 2303 animantes,
584 2247 655 2305 quos
675 2239 704 2290 et
723 2232 798 2288 vivos
819 2231 900 2287 alatis
921 2240 949 2289 et
971 2239 1151 2304 consumptos
1168 2230 1232 2290 sinu

73 2338 223 2412 recipiatis.
235 2362 248 2389 s

109 2447 182 2503 XII.
194 2447 261 2503 Haec
275 2445 321 2502 ille
339 2445 419 2504 dixit.
436 2445 542 2503 Deinde
556 2445 590 2502 ad
604 2446 838 2520 temperationem
857 2448 1030 2521 superiorem
1049 2448 1182 2518 revertit,
1203 2447 1230 2504 in

72 2570 130 2630 qua
139 2554 384 2613 omnemanimum
393 2554 527 2611 universae
535 2564 812 2628 naturaetemperans
821 2557 1231 2630 permiscebat,superiorisque

71 2661 265 2736 permixtionis
276 2662 406 2735 reliquias
416 2661 536 2718 lundens
547 2661 685 2735 aequabat,
699 2662 798 2719 eodem
809 2661 894 2718 modo
908 2661 1009 2729 ferme,
1025 2663 1077 2719 nisi
1087 2662 1165 2737 qood
1174 2678 1231 2719 non

72 2767 115 2826 ita
134 2767 312 2842 incorrupta,
334 2777 409 2826 ntea
429 2784 492 2841 qnae
506 2782 617 2841 semper
635 2768 724 2836 idem,
747 2767 797 2825 sed
816 2767 851 2824 eb
875 2768 909 2825 iis
928 2768 1084 2826 secuudum
1103 2769 1231 2826 sumebat

71 2882 160 2946 atque
178 2873 304 2931 tertium.
326 2877 397 2931 Toto
416 2874 500 2946 igitur
514 2872 590 2930 omui
612 2874 781 2946 constituto,
803 2875 942 2932 sideribus
960 2891 1056 2948 parem
1078 2890 1229 2932 numerum

71 2981 215 3039 distribuit
227 2980 399 3049 animorum,
413 2988 441 3038 et
454 2982 577 3060 singulos
598 2982 725 3056 adJuuxit
747 2982 782 3039 ad
800 2983 926 3056 singula,
944 2991 1027 3055 atque
1044 2983 1083 3039 ita
1105 2983 1183 3055 quasi
1201 2982 1231 3038 iu

72 3105 191 3147 currum
202 3088 389 3146 universitatis
401 3089 544 3162 imposuit,
559 3090 842 3163 commonstravitque
856 3090 930 3163 leges
945 3090 1042 3147 letales
1057 3105 1089 3146 ac
1100 3106 1229 3148 necessa·

70 3199 150 3267 rias,
163 3205 192 3253 et
204 3195 325 3253 ostendit
343 3197 463 3270 primum
477 3205 570 3253 ortum
586 3213 672 3253 uuum
687 3196 748 3254 fore
761 3196 907 3266 omuibus,
921 3212 1040 3270 eumque
1053 3197 1230 3254 moderatum

70 3314 161 3379 atque
176 3312 350 3362 constantem
362 3320 415 3361 nec
432 3304 467 3361 ab
482 3305 538 3363 ullo
554 3305 737 3362 imminutum
746 3324 754 3377 ;
772 3305 839 3362 satis
860 3313 969 3374 autem,
984 3313 1012 3361 et
1029 3305 1108 3377 quasi
1129 3304 1232 3377 sparsis

69 3411 192 3482 animis,
205 3410 279 3482 lore,
291 3413 331 3469 uti
352 3413 436 3469 certis
450 3421 609 3486 temporum
623 3410 777 3468 intervallis
792 3412 914 3469 oriretur
933 3411 1055 3482 animal,
1071 3412 1145 3484 qood
1160 3421 1232 3469 esset

69 3517 110 3576 ad
132 3519 238 3576 cultum
258 3521 384 3575 Deorum
399 3517 583 3589 aptissimum.
602 3516 656 3573 Sed
677 3533 764 3590 quum
786 3516 887 3589 duplex
909 3525 982 3573 esset
1000 3525 1101 3573 natura
1122 3519 1231 3591 generis

69 3630 200 3698 humani,
215 3631 255 3687 sic
268 3645 298 3687 se
312 3645 357 3686 res
370 3629 521 3699 habebant,
536 3637 567 3686 ut
581 3629 759 3703 praestantius
772 3645 858 3702 genus
872 3637 945 3686 esset
955 3645 1065 3697 eorum,
1076 3631 1123 3704 qui
1138 3639 1231 3689 essent

69 3737 159 3795 loturi
171 3736 230 3793 viri.
249 3738 342 3810 Quum
359 3745 454 3794 autem
463 3737 565 3794 animis
578 3753 695 3809 corpora
711 3752 775 3793 cum
791 3736 955 3795 necessitate
967 3737 1121 3806 insevisset,
1133 3754 1232 3810 quum·

69 3856 126 3914 que
138 3842 173 3898 ad
192 3858 309 3915 corpora
330 3842 512 3927 [necessitate]
532 3853 593 3900 tum
612 3843 734 3900 accessio
755 3844 850 3913 iteret,
873 3852 932 3900 tum
947 3844 1101 3914 abscessio;
1118 3861 1230 3902 necesse

68 3957 133 4006 erat
147 3965 260 4007 sensum
274 3953 389 4009 existere
411 3969 497 4009 onum
512 3967 745 4023 communemque
768 3951 914 4018 omnium,
929 3951 1134 4009 vehementiore
1150 3961 1229 4010 motu

69 4057 225 4114 excitatum
239 4058 477 4132 conjunctumque
495 4068 621 4130 uaturae;
635 4058 735 4116 deiude
748 4058 890 4131 voluptate
911 4067 939 4114 et
954 4057 1091 4114 modestia
1111 4058 1228 4113 mixtum

68 4178 214 4234 amorem,
231 4173 293 4238 post
307 4165 388 4233 iram,
401 4174 430 4223 et
443 4175 561 4234 metum,
577 4176 605 4223 et
616 4165 736 4238 reliquos
749 4174 843 4222 motus
857 4164 941 4221 animi
947 4203 958 4233 ,
974 4164 1091 4220 comites
1103 4162 1229 4236 superio-

67 4285 147 4342 rum,
160 4278 189 4328 et
201 4268 246 4327 his
264 4271 351 4329 etiam
371 4272 529 4330 contrarios
542 4271 724 4331 dissidentes:
737 4287 808 4346 quos
826 4269 873 4345 qui
891 4269 1001 4327 ratione
1017 4267 1136 4334 rexerit,
1152 4266 1227 4339 juste
