2790 4770
601 328 804 395 -141-
897 292 904 304 ’

122 531 123 534 ,
161 470 236 549 Cap.
253 470 293 531 lli
308 472 340 531 et
354 470 393 530 16
409 486 417 530 :
434 503 469 514 -·
483 470 627 549 Itemque
642 468 718 531 hinc
741 487 809 532 esse
824 469 904 533 illud
916 478 1074 550 exortum,
1091 476 1181 554 quod
1196 478 1284 537 Zeno

118 574 303 658 Προηγμίνον,
327 575 884 658 101111111111111«Ἀποπροηγμένον
907 598 922 636 1
952 581 1153 658 nominavit,
1182 600 1282 662 quum

117 688 258 746 uteretur
272 683 304 744 in
319 681 425 764 lingua
439 683 569 763 copiosa
582 682 675 745 iactis
687 688 795 746 tamen
810 685 992 748 nominibus
1009 704 1046 750 ao
1063 689 1159 752 novis
1168 708 1179 770 3
1194 691 1281 770 quod

115 790 207 853 nohis
224 791 257 852 in
275 791 336 853 hae
363 788 452 870 inopi
480 790 587 869 lingua
611 807 675 852 non
702 791 891 854 conceditur
914 811 1127 873 :quanquam
1142 801 1178 858 tu
1197 796 1280 857 hanc

115 897 329 978 copiosiorem
354 898 452 960 etiam
478 897 586 958 dicere
610 898 704 958 soles.
729 898 792 959 Sed
814 916 879 960 non
893 900 1034 962 alienum
1049 908 1107 977 est,
1126 921 1190 982 quo
1206 903 1281 966 laci-

42 1058 50 1069 .
114 1005 174 1067 lius
189 1005 234 1068 vis
249 1005 336 1066 verbi
352 1005 558 1084 intelligatur,
579 1005 738 1068 rationem
759 1005 852 1085 hujus
877 1006 963 1069 verbi
979 1007 1118 1071 faciendi
1140 1012 1279 1073 Zenonis

115 1129 285 1192 exponere.
311 1146 351 1158 —
378 1113 420 1174 Ut
434 1109 531 1187 enim,
551 1112 665 1191 inquit,
691 1129 787 1174 nemo
802 1112 881 1176 dicit
897 1114 929 1174 in
945 1100 1030 1195 regia
1047 1132 1157 1195 regem
1172 1118 1276 1199 ipsum

112 1223 201 1301 qnasi
220 1219 401 1296 productum
426 1234 494 1280 esse
508 1219 547 1280 ad
565 1218 753 1298 dignitatem
770 1219 815 1298 (id
837 1221 923 1281 enim
941 1222 1203 1304 11111ροηγμένον),
1223 1227 1274 1286 sed

113 1344 178 1403 eos,
195 1326 250 1406 qui
269 1325 300 1386 in
317 1325 423 1405 aliquo
437 1326 560 1388 honore
575 1326 648 1403 sint,
677 1344 814 1406 quorum
829 1329 909 1390 ordo
926 1329 1070 1407 proxime
1086 1330 1225 1409 accedit,
1243 1340 1277 1394 nt

110 1429 268 1492 secundus
284 1429 324 1491 sit
348 1429 387 1490 ad
413 1429 535 1509 regium
551 1436 738 1508 apparatum
764 1451 770 1492 :
792 1431 883 1493 sicin
899 1432 961 1493 vita
977 1450 1041 1493 non
1057 1451 1104 1508 11,
1123 1452 1197 1514 quae
1213 1436 1277 1516 pri-

113 1537 213 1598 mario
237 1538 310 1597 loco
338 1541 421 1612 sunt,
439 1537 493 1597 sed
515 1554 563 1612 ea,
586 1555 657 1615 quae
671 1539 848 1600 secundum
864 1539 973 1600 locum
988 1540 1147 1617 obtinent,
1168 1545 1277 1623 Προηγ-

97 1623 190 1722 'pion
210 1643 315 1719 idest,
332 1645 485 1721 producte
501 1645 716 1709 nominentur.
733 1646 808 1716 Quae
821 1647 869 1708 vel
885 1647 929 1708 ita
943 1648 1141 1727 appellemus
1158 1649 1202 1728 (id
1219 1650 1277 1711 erit

110 1750 411 1831 1111111111111111),
439 1752 487 1813 vel
500 1759 642 1831 promote
656 1758 687 1814 11
708 1764 834 1832 remoto,
854 1755 915 1829 vel,
930 1759 965 1816 nt
980 1754 1101 1816 dudum
1118 1752 1274 1831 diximus,

108 1864 286 1940 preposite,
304 1860 352 1921 vel
368 1862 537 1937 precipua,
561 1865 592 1921 et
608 1859 662 1920 illa
682 1861 807 1935 rejecto.

153 1967 272 2045 Defin,
287 1967 335 2042 lll,
352 1984 421 2044 cap.
448 1968 486 2026 16
503 1985 510 2027 :
528 1999 565 2009 -
581 1967 671 2037 Quod
683 1965 770 2027 enim
784 1967 830 2028 illi
845 1965 998 2048 Ἀδιάφορον
1013 1966 1137 2044 dicunt,
1155 1968 1186 2029 id
1201 1968 1276 2030 mihi

114 2075 160 2138 ita
172 2071 323 2148 occurrit,
340 2076 375 2134 ut
391 2072 571 2152 indifferens
586 2071 739 2135 dicerem.

152 2181 267 2243 1111111
281 2199 291 2241 .·
304 2211 345 2229 ·-
359 2179 510 2259 Sequitur
531 2179 586 2241 illa
606 2178 729 2255 divisio,
749 2186 784 2242 ut
801 2180 958 2242 bonorum
973 2180 1033 2242 alia
1053 2181 1118 2243 sint
1141 2183 1183 2242 ad
1198 2183 1276 2244 illud

113 2285 632 2368 11111111111111111(1111111111
652 2288 791 2366 appello,
811 2304 882 2366 quae
899 2286 1168 2351 ’1111111111111111
1184 2305 1193 2350 τ
1211 2288 1273 2368 jam

115 2397 179 2459 hoc
201 2396 306 2475 ipsum
332 2396 544 2470 instituamus
568 2402 603 2457 ut
624 2395 755 2475 placuit,
775 2394 919 2475 pluribus
934 2395 1037 2458 verbis
1053 2396 1174 2473 dicere,
1192 2397 1272 2476 quod

119 2521 184 2566 uno
198 2520 264 2564 non
277 2501 464 2580 poterimus,
477 2508 576 2564 utres
589 2502 806 2581 intelligatur),
823 2503 883 2564 alia
898 2508 1004 2567 autem
1016 2503 1196 2584 efficientia,
1207 2522 1273 2583 quae

120 2609 220 2672 Graeoi
234 2609 378 2686 Ποιητικά,
404 2610 464 2670 1111
479 2615 662 2690 utrumque.

158 2720 233 2797 Cap.
252 2721 290 2779 17
308 2738 314 2777 :
340 2750 379 2763 -
393 2719 439 2778 De
453 2718 529 2779 bono
551 2724 659 2779 autem
668 2716 759 2793 1111
781 2718 888 2797 (quam
907 2718 992 2780 enim
1013 2720 1175 2798 appellant
1197 2722 1274 2780 11111·

116 2824 183 2902 ξίαν,
210 2825 314 2904 aptius
337 2831 384 2887 est
407 2824 554 2886 hocloco
570 2825 676 2885 bonone
693 2823 814 2902 fumum
834 2825 994 2905 appellare
1009 2843 1105 2905 quam
1121 2826 1272 2904 pluriam),

116 2932 307 3014 Chrysippus
335 2933 466 3012 quidem
491 2936 522 2993 et
544 2932 709 3010 Diogenes,
737 2933 878 2993 detracta
901 2933 1051 3007 utilitate,
1076 2951 1117 2994 ne
1141 2933 1271 3012 digitum

118 3040 258 3119 quidem,
276 3038 342 3118 ejus
355 3058 460 3115 causa,
475 3038 703 3117 porrigendum
717 3055 784 3099 esse
800 3037 959 3100 dicebant.

158 3146 232 3223 Cap.
251 3149 288 3206 19
308 3164 314 3205 :
340 3179 380 3189 -
459 3146 499 3205 At
517 3144 579 3217 illa,
606 3162 678 3223 quae
705 3142 737 3203 in
759 3144 881 3204 concha
902 3144 1008 3222 patula
1025 3145 1123 3223 pinna
1139 3145 1268 3215 dicitur:

121 3251 225 3330 isque,
243 3249 298 3330 qui
316 3255 387 3311 enat
409 3250 560 3325 econcleo,
585 3251 651 3330 qui,
668 3250 755 3330 quod
776 3267 845 3311 eam
869 3251 1019 3312 custodiet
1038 3272 1052 3308 1
1079 3252 1243 3332 Πιννοτήρης
1255 3274 1267 3305 11

119 3363 287 3421 vocatur...

158 3466 231 3543 Gap.
251 3481 313 3525 :-
329 3467 370 3527 Ut
383 3482 457 3526 vero
473 3470 676 3525 conservetur
690 3465 794 3525 omnis
810 3461 933 3525 homini
952 3481 1025 3542 erga
1036 3463 1203 3526 hominem
1225 3482 1268 3526 so·

117 3571 227 3646 oietas,
258 3569 451 3660 conjunctio,
484 3570 597 3632 caritas
627 3589 633 3629 :
660 3577 690 3631 et
706 3574 905 3632 emolumento
934 3576 966 3632 et
989 3572 1267 3651 detrimentaque

118 3675 299 3758 Ὠφελήματα
314 3682 345 3738 11
363 3676 515 3755 Βλάμματα
530 3677 700 3757 appellant,
714 3678 896 3740 eommunia
915 3696 982 3739 esse
998 3679 1182 3753 voluerunt3
1199 3697 1265 3758 quo·

117 3800 188 3844 rum
202 3785 301 3845 altera
322 3789 465 3861 prosunt,
492 3787 607 3844 nocent
628 3785 735 3844 altera.
763 3787 827 3846 Nec
842 3786 946 3847 solum
964 3803 1000 3846 11
1014 3785 1209 3859 communia,
1225 3803 1257 3847 11

114 3888 298 3952 rumellum
318 3889 404 3966 paria
429 3906 496 3949 esse
516 3889 674 3950 dixerunt.
706 3891 900 3952 Incommode
925 3897 1032 3953 autem
1062 3897 1093 3953 et
1117 3893 1267 3953 commode

116 3995 409 4077 (111Εὐχρηπήματα
424 4001 455 4056 11
471 3996 707 4078 Δυσχρηστήματα
721 3998 859 4077 appello)
885 3999 1068 4061 communia
1086 4015 1155 4062 esse
1172 3999 1268 4060 volue-

114 4111 199 4181 runt,
216 4105 303 4184 paria
317 4103 497 4164 noluerunt.
