2790 4770
599 344 800 407 -269-

162 483 232 542 Non
247 482 347 559 possit
363 480 531 560 quisquam
541 481 645 560 aptius
658 482 754 546 verba
765 483 873 543 Graeca
887 481 1067 544 Aristotelis
1081 481 1205 560 Ἀγελαῖα
1222 485 1277 552 ζῶα

122 591 154 649 et
167 587 292 647 πολιτικὰ
307 587 403 649 latine
416 587 628 667 interpretari.
648 590 699 669 (H.
716 590 836 669 Stepb.)

161 695 232 775 Cap.
249 699 288 759 34
302 715 309 758 :
324 730 364 742 -
381 697 480 768 «Quae
498 703 603 780 autem
619 704 666 760 est
685 698 745 759 alia
765 716 858 760 causa
872 697 987 759 erroris
998 699 1088 774 tanti,
1103 704 1169 760 tam
1181 699 1276 778 longe

122 803 247 883 lateque
263 803 382 879 diffusi,
397 803 458 866 nisi
474 806 559 884 qued
571 805 609 881 is,
626 805 680 884 qui
694 806 888 883 voluptatem
901 821 1062 865 summum
1077 803 1196 865 bonum
1208 821 1275 865 esse

120 909 275 987 decernit,
301 929 367 974 non
383 929 455 974 eum
471 930 508 974 ea
529 919 617 991 purte
643 888 750 990 animi,
767 918 800 973 ta
817 932 876 992 qua
896 917 973 973 tuest
994 917 1070 972 ratio
1084 916 1274 989 atquecatert·

121 1019 209 1093 ltam,
227 1019 281 1079 sed
299 1035 373 1079 cum
389 1020 561 1098 cupiditate,
590 1019 621 1078 id
639 1023 696 1093 est,
720 1036 793 1079 eum
808 1017 907 1078 animi
922 1017 1077 1079 levissima
1092 1023 1181 1096 parte
1198 1018 1275 1079 deli·

123 1125 257 1187 herasti)

159 1233 218 1295 llic
232 1235 340 1296 Cicero
355 1234 386 1294 τὸ
404 1234 613 1312 Ἐπινυμητικὸν
632 1235 822 1313 cupiditatem
840 1234 1092 1312 interpretatur:
1115 1233 1155 1294 Τὸ
1176 1235 1276 1312 Λογισ-

118 1338 190 1399 τικὸν
204 1348 324 1419 partem
339 1347 444 1432 animi·
454 1347 485 1402 ta
499 1361 559 1422 qua
580 1347 658 1402 inest
671 1348 753 1401 ratio
773 1348 863 1419 atque
878 1328 1050 1402 consitium.

159 1450 203 1511 De
214 1450 281 1529 fia„
296 1450 349 1524 ΙΙΙ,
366 1466 435 1527 cap.
452 1450 536 1509 ssz-
548 1470 561 1506 a
577 1448 678 1526 Quum
688 1466 757 1519 cero
768 1449 832 1519 itta,
845 1469 910 1529 qua
921 1449 1025 1526 assicia
1036 1467 1097 1510 esse
1111 1448 1195 1526 diat,
1204 1468 1274 1530 pro·

118 1551 291 1634 ficiscuntur
301 1555 341 1615 ab
353 1557 598 1630 taititslllatura,
611 1557 695 1616 eaad
704 1554 765 1614 laea
775 1553 883 1633 referri
896 1571 1006 1614 neeesse
1016 1561 1078 1615 est:
1091 1557 1276 1635 atreetejdici

116 1639 222 1739 pessit,
237 1663 453 1742 omnirugusstcia
466 1681 499 1723 eo
512 1666 630 1744 referri,
643 1668 679 1723 ut
692 1662 899 1740 adipiscamur
907 1664 1063 1738 principia
1077 1661 1240 1724 Natura...
1255 1683 1271 1719 r>

157 1770 336 1832 Stoicorum
350 1771 443 1833 verba
458 1777 531 1831 sunt
542 1772 625 1849 apud
639 1769 845 1831 Plutarchum
863 1788 869 1829 :
890 1769 931 1827 'lb
945 1767 1032 1827 πάντα
1051 1767 1083 1827 τὰ
1105 1769 1169 1850 παρ’
1182 1770 1274 1828 ἑαυτὸν

118 1886 201 1935 ποιεῖν
223 1875 334 1937 ἕκαστον
349 1885 432 1936 ποιεῖν
453 1876 574 1953 ἕκαστον,
590 1876 666 1935 ἕνεκα
678 1882 724 1934 τοῦ
747 1876 886 1955 τυγχάνειν
901 1879 953 1933 τῶν
971 1878 1084 1954 πρῶτων
1099 1873 1167 1933 κατὰ
1183 1874 1272 1956 φύσιν.

116 1983 222 2042 -Ἐπ’
233 1987 317 2043 ἐκεῖνο
329 1981 357 2042 δὲ
371 1983 457 2043 πάντα
468 1982 538 2063 ἔχειν
556 1982 589 2041 τὰ
604 1981 774 2064 πραττόμενα
785 1981 833 2055 τὴν
847 1981 993 2064 ἀναφοράν,
1023 1979 1053 2041 τὸ
1067 1981 1205 2062 τυγχάνειν
1220 1986 1273 2042 τῶν

117 2090 311 2171 apereruerit
325 2091 411 2175 φύσιν.
427 2127 465 2136 -
486 2093 544 2154 Hic
559 2109 629 2171 quae
644 2091 739 2153 verba
762 2091 875 2171 quibus
892 2090 1115 2170 respondeant,
1135 2096 1170 2153 tu
1189 2091 1272 2153 vide.

63 2261 68 2268 .
117 2202 169 2278 (H.
187 2201 308 2279 Steph.)

157 2305 283 2381 Deflet„
308 2305 360 2378 ΙΙΙ,
376 2321 444 2383 cap.
464 2306 500 2365 18
518 2324 575 2364 :—
595 2305 680 2365 «Sed
702 2322 801 2383 quum
815 2303 855 2365 ab
871 2303 920 2363 his
939 2301 1046 2364 omnia
1066 2303 1273 2382 proficiscan-

83 2469 89 2479 ,
119 2416 171 2473 tur
184 2411 299 2490 officia,
320 2428 384 2471 nnn
403 2410 470 2472 sine
484 2428 577 2472 causa
598 2410 717 2472 dicitur
731 2410 770 2470 ad
787 2428 823 2471 ea
839 2408 949 2470 reterri
964 2426 1075 2470 omnes
1086 2415 1210 2472 nostras
1221 2430 1275 2474 co-

117 2514 301 2595 gitationes3
321 2512 353 2576 in
365 2515 415 2576 his
430 2521 462 2577 et
475 2534 628 2577 aceessum
643 2535 659 2578 e
675 2520 750 2589 uita,
772 2521 802 2577 et
820 2519 853 2575 ia
867 2519 929 2576 uita
944 2520 1142 2578 mansionem.
1154 2538 1169 2574 n

158 2621 249 2698 Μονὴν
266 2625 292 2683 ἐν
314 2626 351 2703 τῷ
366 2624 416 2703 βίῳ
435 2623 480 2683 καὶ
504 2621 638 2704 ἐξαγωγὴν
664 2624 893 2702 interpretatur
909 2630 1094 2688 mansionem
1111 2631 1145 2689 ia
1163 2633 1227 2690 vita
1241 2634 1274 2690 et

119 2734 387 2794 erearumevua.
404 2729 452 2809 (Η.
469 2731 528 2810 St.)
677 2723 679 2728 ’

161 2837 282 2912 Deflu„
305 2835 355 2911 lV,
377 2852 448 2915 cap
465 2838 508 2897 3:
537 2872 575 2880 -
601 2838 724 2900 Stoicos
753 2837 888 2899 irridens
903 2839 948 2899 ait
968 2854 976 2898 :
997 2858 1010 2894 a
1025 2841 1066 2900 At
1088 2843 1205 2918 quanta
1219 2854 1272 2900 co·

119 2946 257 3006 nantur‘l
269 2944 426 3005 mundum
440 2943 525 3006 hunc
539 2963 679 3023 emnem,
697 2945 853 3025 oppidum
870 2964 937 3008 esse
952 2953 1107 3009 nostrum.
1126 2945 1272 3008 Incendit

119 3051 217 3130 igitur
231 3068 296 3126 eos,
319 3051 372 3129 qui
389 3051 531 3115 audiunt.
548 3054 643 3116 Vides
658 3059 808 3132 quantam
830 3072 898 3116 rem
913 3072 985 3133 agas
1000 3074 1006 3114 :
1024 3059 1067 3129 ut,
1085 3053 1201 3115 Circeis
1216 3051 1272 3134 qui

119 3157 251 3235 habitet,
274 3163 368 3218 totum
382 3159 460 3218 lunc
480 3160 639 3235 mundum,
654 3178 740 3220 saum
754 3165 952 3237 aaautctptam
964 3179 1026 3221 csse
1040 3163 1201 3221 existimet.
1213 3181 1228 3218 u

158 3268 303 3328 Graecum
318 3284 435 3328 nomen
448 3270 534 3346 quud
550 3269 727 3347 exprimere
742 3269 839 3329 voluit
853 3269 906 3329 hic
922 3269 1044 3343 Cicera,
1063 3275 1109 3330 est
1131 3271 1272 3347 Κοσμοπο·

118 3373 203 3447 lta-at.
223 3375 272 3436 Ad
291 3374 377 3452 quod
393 3376 537 3438 alludens
557 3377 654 3438 etiam
672 3376 869 3456 (Academia,
897 3376 950 3436 lib.
970 3378 993 3450 l,
1012 3395 1078 3455 cap.
1094 3377 1124 3458 5)
1138 3379 1218 3439 dicit
1231 3378 1272 3441 de

119 3482 276 3544 ueteribus
291 3484 490 3545 Academicis
507 3486 640 3564 loquens
665 3504 672 3545 :
696 3483 895 3545 «Hominem
911 3500 978 3544 esse
994 3485 1166 3547 censebant
1181 3484 1270 3564 quasi

119 3596 240 3669 partem
255 3592 424 3671 quamdam
446 3592 581 3654 civitatis
602 3599 634 3654 et
662 3594 797 3653 universi
825 3593 948 3670 generis
966 3592 1109 3668 humani,
1135 3612 1272 3674 eumque

120 3697 327 3777 conjunctum
349 3717 422 3760 cum
436 3699 619 3761 hominibus
632 3700 772 3760 humana
784 3699 921 3778 quadam
934 3700 1098 3761 societate.
1114 3722 1129 3759 n

159 3804 205 3864 De
219 3808 291 3867 illut.
309 3807 409 3882 Deam,
428 3808 448 3883 l,
466 3824 532 3885 cap.
549 3808 589 3867 lb
601 3826 608 3863 z
621 3838 661 3851 -
679 3828 693 3864 a
708 3809 749 3867 At
763 3806 819 3865 has
835 3805 966 3895 leviores
979 3804 1068 3864 ducis
1080 3805 1269 3882 voluptatem,

120 3910 235 3989 quibus
258 3893 347 3990 quasi
376 3914 524 3974 Titittatio
551 3912 690 3992 (Epicuri
708 3913 792 3973 enim
822 3913 883 3973 hnc
906 3913 1038 3974 verbum
1053 3916 1111 3990 est)
1127 3911 1271 3974 sensibus

119 4016 289 4080 adhibetur
314 4017 366 4099 (l).
391 4039 408 4076 n
431 4019 521 4090 Quod
537 4017 666 4096 quidem
687 4019 816 4079 verbum
832 4024 879 4079 est
893 4015 1078 4099 Γαργαλισμός
1091 4015 1173 4095 (vid.
1184 4018 1272 4080 Cleo·

120 4127 206 4188 med.
221 4128 308 4188 Κυκλ.
325 4131 417 4209 θεωρ.,
431 4128 486 4189 lib.
507 4128 541 4201 ll,
558 4147 588 4205 p.
600 4130 670 4202 250,
684 4129 733 4189 ed.
752 4127 871 4208 Basil.).

154 4362 190 4429 (1)
208 4361 265 4412 vra
281 4370 313 4412 a
326 4365 381 4413 ca.
394 4361 411 4428 s
424 4365 464 4414 ar.
