2790 4770
541 327 741 390 -115—

65 463 177 526 Cicero
207 465 292 526 enim
318 463 464 545 quaesivit
483 461 762 543 quibus-numeris
789 461 992 542 potissimum
1023 466 1106 524 esset
1128 466 1221 524 uten-

66 573 157 648 dum,
174 577 270 652 atque
297 572 381 635 inter
401 571 463 634 alia
479 571 578 634 multa
605 571 673 634 haec
698 569 847 652 scripsit:
876 592 892 631 u
915 571 973 643 Qui
989 589 1099 650 paeone
1112 575 1222 652 praete·

66 687 171 758 renni,
187 700 253 745 non
268 681 375 746 vident
389 682 613 745 mollissimum
627 700 646 743 a
663 697 731 757 sese
745 698 915 743 numerum
927 681 1140 760 eumdemque
1154 696 1223 741 am-

66 785 247 867 plissimum
267 786 422 867 praeteriri
439 789 499 870 (i)?
510 812 525 848 u
1083 859 1086 866 ¹

108 895 192 960 Satis
206 898 307 960 multa
318 899 358 960 do
378 883 413 960 re
425 891 568 965 metriea.
589 895 659 959 Dixi
674 915 779 960 meam
794 897 996 973 sententiam,
1013 896 1078 959 imo
1095 896 1223 977 conjeo·

67 1010 174 1067 turam
195 987 268 1082 feci,
285 1008 395 1083 utpote
411 1002 557 1067 subsidiis
584 1004 739 1066 doctrinae
767 1022 831 1065 non
848 1002 922 1065 satis
939 1001 1119 1065 instructus.
1133 1004 1224 1064 Nunc

68 1112 107 1174 ad
133 1129 202 1175 rem
231 1114 337 1190 redeo,
365 1130 383 1173 a
408 1131 470 1192 qua
492 1113 624 1174 fortasse
650 1110 728 1172 mihi
752 1129 914 1191 nunquam
936 1115 1018 1173 esset
1043 1108 1226 1190 digredien-

69 1221 158 1283 dum.
411 1219 417 1226 ’“
1010 1199 1013 1204 ’

108 1330 155 1392 De
178 1324 324 1392 Saturnio
336 1347 438 1407 versu,
462 1346 526 1408 quo
555 1326 658 1390 Livius
673 1332 704 1390 et
714 1327 836 1390 Naevius
851 1326 899 1388 usi
922 1331 1005 1403 sunt,
1028 1326 1149 1407 aliquid
1165 1324 1227 1389 dis·
1265 1341 1268 1348 ’

70 1432 153 1498 serui
177 1453 184 1497 :
213 1435 288 1514 quid
310 1432 416 1516 igitur,
434 1435 519 1515 quod
540 1435 580 1495 ad
597 1431 862 1496 versificationem
878 1433 1006 1497 illorum
1022 1437 1154 1514 spectet,
1170 1434 1228 1495 ad·

66 1543 166 1623 jicere
190 1544 360 1623 queam?...
382 1540 464 1631 Livii
489 1560 579 1605 musa
600 1540 763 1605 interdum
793 1542 915 1630 «paulo
937 1541 1126 1605 concinnior
1147 1562 1163 1600 a
1183 1542 1230 1618 (ut

71 1645 265 1727 supradixi)
291 1648 547 1712 hexametrorum
576 1671 591 1708 a
617 1648 959 1730 magniloquentiam»
993 1650 1141 1712 amulata
1169 1654 1226 1712 est.

71 1754 173 1820 Naevio
186 1764 293 1819 autem
307 1775 371 1819 non
387 1756 477 1820 deest
491 1755 600 1837 epious
615 1757 722 1820 color:
742 1756 879 1834 cNaerii,
899 1774 995 1836 quem
1017 1754 1049 1817 in
1062 1757 1184 1819 vatibus
1197 1771 1231 1826 et

72 1860 185 1923 Faunis
199 1869 387 1938 annumerat
406 1864 537 1940 Ennius,
565 1864 685 1926 bellum
709 1862 864 1926 Punicum
885 1863 973 1944 quasi
988 1863 1128 1945 Myronis
1150 1882 1229 1943 opus

72 1971 210 2035 delectat
222 1970 277 2053 (ἓ).
289 1994 304 2033 a
322 1973 397 2037 Haec
410 1991 429 2035 a
442 1971 591 2037 Cicerone
603 1970 720 2053 scripta
735 1977 825 2048 sunt;
846 1971 903 2034 sed
918 1971 1050 2034 Horatio
1062 1972 1155 2050 longe
1169 1969 1231 2033 alia
1270 1996 1273 2001 ·

72 2097 160 2143 urens
175 2085 246 2144 est:

175 2251 287 2311 Naevius
297 2251 326 2309 in
337 2251 464 2311 manibus
474 2267 533 2310 non
544 2259 597 2322 est,
609 2260 637 2310 et
648 2251 788 2311 mentibus
798 2251 887 2310 haeret

178 2358 258 2418 paene
268 2346 384 2401 recens?
394 2342 473 2402 Adeo
485 2351 613 2400 sanctum
624 2352 668 2401 est
679 2352 758 2401 vetus
770 2358 853 2400 omne
865 2357 964 2416 poema
976 2346 1028 2412 (att
1045 2394 1050 2404 .

71 2515 147 2576 Uter
158 2510 301 2576 Naev'ium
324 2513 441 2578 rectius
462 2513 660 2596 judicaverit,
683 2513 769 2594 parvi
797 2515 903 2577 refert.
930 2519 971 2577 At
996 2533 1106 2578 omnes
1120 2515 1226 2578 sciunt

70 2621 182 2684 abillo
207 2620 351 2702 quaedam
366 2624 437 2685 loca
459 2621 631 2702 sumpsisse
644 2622 830 2702 Virgilium3
849 2626 880 2685 at
900 2641 994 2686 nemo
1010 2623 1134 2686 dubitat
1150 2622 1227 2705 quin

69 2728 169 2809 idem,
192 2731 347 2794 Didonem
372 2737 404 2812 et
421 2734 545 2794 Annam
567 2750 629 2794 una
648 2731 681 2792 in
703 2749 831 2794 scenam
850 2729 1044 2809 inducendo,
1065 2733 1226 2796 Romano-

69 2855 143 2900 rum
158 2836 293 2902 'animos
320 2841 359 2901 ad
387 2839 588 2919 probandum
602 2837 739 2901 Maronis
760 2837 859 2916 ipsius
875 2844 1094 2902 commentum
1106 2857 1227 2920 praepa-

69 2945 196 3010 raverit.
214 2946 296 3020 Quid
310 2948 428 3011 multa?
446 2946 568 3027 primus
584 2947 642 3010 iste
655 2946 807 3025 populare
829 2963 957 3010 carmen
974 2947 1084 3011 edidit.
1162 2960 1167 2969 ·

109 3059 246 3138 Jamque
259 3057 349 3120 adest
744 3060 748 3068 ”

179 3226 297 3298 Ennius,
309 3235 337 3285 et
347 3227 467 3300 sapiens,
479 3236 507 3286 ct
517 3228 606 3299 fortis,
619 3236 648 3287 et
658 3231 728 3289 alter
738 3233 888 3301 Homerus,

178 3324 209 3373 ut
219 3316 306 3374 critici
316 3316 411 3375 dicunt
421 3317 468 3392 (4).
484 3357 492 3373 .
506 3358 514 3374 .
528 3359 535 3374 .

66 3493 219 3558 Horatius
242 3496 354 3558 saltem
374 3492 467 3559 aliter
490 3494 578 3572 dicit,
610 3513 722 3558 censor
749 3494 803 3557 ilie
827 3495 941 3575 priscas
967 3498 1227 3579 poetioaeacerri·

64 3871 79 3894 a
97 3843 241 3897 testimonio
258 3840 404 3906 Quintiliani
417 3846 544 3897 asserentis
559 3847 627 3912 (lust.
643 3850 712 3897 Orat.
728 3845 749 3912 Ι,
765 3850 790 3911 5,
806 3849 847 3914 28)
860 3846 886 3898 in
899 3847 1037 3915 Vergiliano
1050 3849 1146 3904 ilio.....
1159 3873 1171 3900 a
1182 3870 1226 3922 pe·

62 3956 78 3980 «ι
96 3930 175 3982 eudes
187 3930 306 3996 pictaque
318 3928 428 3982 volueres
437 3953 450 3977 »
464 3941 558 3982 mutato
567 3932 599 3982 ob
610 3932 683 3982 metri
694 3932 860 3984 conditionem
870 3942 982 3998 accentu,
1001 3935 1141 4002 paenultima
1153 3947 1226 3990 acuta

63 4041 78 4064 a
96 4016 229 4082 legendum
242 4026 292 4066 esse
303 4015 419 4069 volucres.
430 4037 444 4063 >r
450 4017 498 4085 (De
510 4035 537 4067 re
551 4016 656 4078 metrica,
672 4031 698 4084 p.
714 4017 785 4083 207³)

102 4102 144 4171 (1)
161 4096 214 4154 cic.
229 4105 297 4155 Orat.
313 4120 367 4172 cap.
384 4106 427 4156 st.

100 4189 143 4256 (2)
162 4187 214 4239 Cic.
227 4194 326 4251 Brutus,
340 4192 445 4242 xixus.

101 4272 145 4341 (a)
162 4263 220 4326 nor.
232 4264 311 4344 apte.
324 4265 355 4334 11,
371 4275 394 4335 1,
408 4272 440 4325 sa
454 4283 479 4326 et
489 4277 531 4328 sa.

101 4359 144 4425 (t)
161 4357 220 4409 Hor.
234 4357 314 4430 Epist.
328 4358 362 4423 11,
378 4362 403 4424 1,
417 4363 450 4413 50
462 4368 488 4412 et
500 4364 541 4413 δίε
