2790 4770
567 261 768 326 -183-

577 439 636 505 Cep.
651 438 715 501 XIX,
733 441 773 491 19.

153 533 243 621 ὅταν
270 546 305 622 δὲ
323 551 465 648 καιρδςῇ
493 556 552 623 ὑπὸ
578 565 631 624 τοῦ
653 555 739 629 ἡλίου
763 545 824 631 ἤδη
856 552 1067 650 γλυκαίνεσθαι
1090 549 1145 631 τὰς
1175 577 1253 618 στα-

97 678 256 771 φυλάς....

135 856 171 866 -
184 826 279 896 Quum
291 841 376 894 vero,
392 825 490 884 aiiecta
504 826 563 900 Jam
581 842 667 899 prope
681 834 777 883 aestate
784 868 794 898 ,
806 841 900 882 uvasa
914 826 971 882 soie
987 823 1132 880 mitescere
1143 830 1256 896 tempus

97 919 150 969 m
163 950 208 970 .··
648 986 667 1036 E
682 985 767 1050 Gellio,
779 986 830 1047 XV,
843 990 875 1050 53
887 985 975 1047 Nonio,
988 1002 1043 1037 voc.
1058 983 1203 1054 Profligare.

591 1274 652 1340 Cap.
667 1273 719 1336 XX,
737 1276 762 1324 4.

155 1393 236 1470 Οὐδ’
255 1394 333 1469 οἶνον
348 1402 409 1494 ἔχει
429 1400 523 1496 άνάρ·
541 1405 575 1468 οὐ
588 1399 647 1497 γὰρ
664 1404 864 1494 ἐπιμελεῖται,
884 1406 924 1479 ὡς
937 1398 1071 1493 φυτεύσῃ
1090 1399 1257 1494 ἀμπέλους,

99 1521 174 1600 οὐδὲ
191 1529 223 1597 αἱ
245 1525 333 1597 οὖσαι
354 1530 437 1608 ὅπως
459 1531 586 1622 φέρωσιν
614 1531 719 1614 αὐτῷ·
747 1519 819 1596 ούδέ
853 1528 956 1597 ἔλαιον
981 1518 1053 1596 οὐδὲ
1082 1538 1163 1596 σῦκα
1196 1529 1259 1619 έχει

97 1659 224 1751 ἀνήρ...

136 1789 279 1861 -Neque
289 1787 356 1845 serit
367 1789 462 1861 vitem,
473 1804 573 1861 neque,
586 1768 648 1861 quae
658 1795 715 1845 sata
729 1794 783 1859 est,
798 1785 946 1860 diligenter
959 1785 1040 1855 eolit3
1054 1786 1163 1852 oleum,
1176 1784 1258 1855 fieus,

97 1893 185 1951 poma
197 1892 256 1934 non
268 1877 376 1935 habet..
386 1917 412 1933 ..

790 1950 809 2001 Ε
824 1948 957 2010 Μαοεούὶο,
972 1946 1221 2014 Saturnrl.,111,20.

567 2233 725 2302 eap.xvl11,
744 2237 783 2286 ιι.

232 2333 338 2447 ίδσπερ
360 2353 388 2422 οἱ
398 2363 528 2448 κηφῆνες
543 2344 774 2447 διαρπάζουσιν,
791 2350 943 2448 ἄχρηστοι
959 2352 1056 2437 ὄντες,
1073 2359 1134 2418 τῶν
1152 2355 1256 2444 μελισ·

97 2485 174 2563 σῶν,
191 2471 261 2544 ἂέιν
281 2479 390 2545 ἐκεῖναι
408 2478 612 2573 ἐργασάμεναι
632 2481 747 2572 τροφὴν
763 2478 971 2547 καταθῶνται.

135 2674 170 2687 -
184 2645 258 2719 Apes
271 2643 301 2700 in
315 2645 464 2703 alvearium
474 2655 683 2722 congesserunt.

660 2723 665 2730 ’
823 2726 842 2775 Ε
857 2725 976 2793 Sosipatr.
992 2723 1114 2790 charisio,
1127 2723 1170 2776 lib.
1185 2723 1205 2775 1.

643 2824 711 2837 *ι

585 3007 645 3073 Cap.
661 3004 759 3066 lv‚20.

154 3108 256 3190 Οὗτος
269 3110 370 3179 τοίνυν
390 3117 520 3207 ὁΚῢρος
540 3116 666 3209 λέγεται
681 3104 866 3207 Λυσάνδρῳ,
887 3115 939 3179 ὅτε
958 3108 1047 3185 ἦλθεν
1070 3105 1153 3205 ἄγων
1170 3111 1256 3195 αὐτῷ

98 3236 143 3305 τὰ
165 3234 252 3332 παρὰ
276 3247 337 3306 τῶν
357 3239 526 3333 συμμάχων
548 3233 647 3334 δῶρα,
668 3235 749 3308 άλλα
768 3266 800 3309 τε
823 3239 1065 3333 φιλοφρονεῖσθαι
1084 3224 1139 3328 (ὡς
1162 3239 1256 3313 αὐτὸς

99 3361 156 3452 ἔφη
172 3365 188 3427 ὁ
205 3353 383 3456 Λύσανδρος
399 3356 472 3450 ξένῳ
488 3366 564 3432 ποτέ
582 3390 642 3431 τινι
655 3367 691 3429 ἐν
707 3365 862 3458 Μεγάροις
883 3345 1113 3458 δίηγούμενος),
1132 3360 1184 3429 καὶ
1201 3362 1253 3428 τὸν

101 3486 131 3550 ἐν
147 3476 280 3577 Σάρδεσι
299 3478 484 3579 παράδεισον
507 3481 710 3556 ἐπιδεικνύναι
729 3490 822 3558 αὐτὸν
843 3492 911 3583 ἔφη.
933 3476 1010 3556 Επεὶ
1035 3479 1070 3557 δὲ
1090 3480 1256 3580 ἐθαύμαζεν

103 3611 195 3677 αὐτὸν
219 3605 451 3708 ὁ,Λύσανδρος,
474 3621 513 3694 ὡς
538 3614 620 3683 καλὰ
640 3616 695 3708 μὲν
715 3614 755 3684 τὰ
776 3607 893 3708 δένδρα
919 3613 976 3699 εἴη,
1000 3605 1040 3680 δι’
1070 3613 1137 3681 ἴσου
1164 3603 1200 3679 δὲ
1215 3608 1256 3678 τὰ

103 3740 328 3828 πεφυτευμένα,
352 3738 436 3831 ὀρθοὶ
461 3730 543 3807 δὲοὶ
568 3740 673 3833 στίχοι
690 3749 752 3809 τῶν
779 3730 923 3834 δένδρων,
947 3741 1075 3833 εὐγώνια
1094 3729 1129 3806 δὲ
1151 3737 1256 3806 πάντα

100 3867 202 3940 καλῶς
225 3861 283 3949 εἴη,
306 3864 399 3955 ὀσμαὶ
421 3855 455 3932 δὲ
485 3866 598 3934 πολλαὶ
628 3865 680 3934 καὶ
707 3856 807 3942 ἡδεῖαι
836 3854 1125 3958 συμπαρομαρτοῒεν
1155 3867 1256 3941 αὐτοῖς

101 3997 323 4079 περιπατοῦσι·
343 3988 395 4054 καὶ
423 3999 524 4056 ταῦτα
543 3984 705 4082 θαυμάζων
725 3983 822 4055 εἶπεν·
840 4016 852 4040 ι
870 3978 944 4055 liii
964 3990 1022 4082 ἐγώ
1040 4013 1100 4071 τοι,
1120 3984 1144 4052 ὦ
1160 3990 1254 4071 Κῦρε,

100 4112 274 4207 πάνταμὲν
293 4122 397 4183 ταῦτα
416 4107 561 4208 θαυμάζω
580 4115 630 4182 ἐπὶ
649 4123 694 4200 τῷ
714 4114 832 4202 κάλλει,
852 4115 932 4182 πολὺ
950 4103 984 4180 δὲ
1004 4117 1120 4206 μᾶλλον
1137 4109 1255 4206 άγαμαι

101 4246 160 4304 τοῦ
172 4240 531 4335 καταμετράσαντύςσοι
554 4238 606 4308 καὶ
620 4230 824 4324 διατάξαντος
837 4243 952 4309 ἕκαστα
970 4240 1099 4307 τούτων.
1118 4259 1130 4284 ¹·
1152 4223 1254 4306 Ᾱκού-
