2790 4770
568 261 580 317 '·
614 326 661 340 -
683 294 746 358 aaa
771 327 815 340 -

134 428 284 507 imperita
294 431 486 494 multitudo?
496 434 605 513 Itaque
615 434 726 496 Latina
739 433 1016 513 plerumqueapud
1033 431 1185 492 Senecam
1196 425 1304 507 philo·

133 537 285 617 sophum,
305 557 363 602 nec
374 541 441 619 jain
457 544 576 616 Graeca,
594 541 654 601 nisi
672 560 743 604 rara
760 543 908 622 quaedam
926 538 978 621 (l),
996 540 1143 620 legimus.

173 647 288 709 ldeone
320 649 454 725 Seneca,
485 651 571 731 quod
596 653 705 713 Graeea
733 651 828 713 verba
852 653 1011 730 negligere
1033 649 1143 711 solitus
1164 647 1216 724 sit,
1231 651 1299 709 arte

135 752 263 816 dicendi
288 757 476 820 Ciceronem
492 759 644 836 superat?
665 758 698 820 ld
713 759 865 838 quoniam
882 776 946 820 non
966 761 1013 819 est
1027 774 1045 816 a
1061 759 1216 835 praesente
1231 771 1300 815 ma·

135 859 214 920 toria
236 860 389 937 alienum,
409 879 473 924 non
497 863 709 941 injudicatum
725 862 915 942 relinquam.
932 897 971 909 -
985 863 1030 922 lia
1051 865 1175 922 tanturn
1189 858 1229 920 ab
1244 858 1301 921 illa

134 965 264 1028 adbene
275 968 1048 1050 scribendumiactaestprogressio,quaequadam
1066 963 1301 1053 exnecessitaie

136 1076 264 1137 occulto
280 1077 314 1139 lit
337 1095 403 1138 aevo
429 1076 473 1159 (ut
488 1079 614 1156 poetice
628 1077 763 1158 loquar).
787 1077 915 1140 Divitias
932 1078 1049 1156 linguae
1067 1075 1173 1138 latina
1188 1092 1321 1156 parum,

135 1180 232 1242 auxit.
260 1182 338 1243 Nam
363 1200 400 1245 ex
424 1182 620 1259 nominibuS,
638 1202 709 1265 quae
736 1183 850 1247 litteris
866 1182 978 1263 graeais
1000 1182 1118 1260 scripta
1133 1181 1244 1244 Cicero
1268 1182 1300 1242 in

136 1288 271 1349 latinum
288 1291 453 1365 convertit,
472 1292 535 1353 duo
553 1293 655 1353 solum
673 1290 742 1351 Ἰδέα
756 1290 898 1371 (species)
917 1294 948 1352 et
961 1287 1070 1365 'trapa
1091 1288 1300 1368 (corpuscula)

133 1403 200 1483 jam
214 1403 316 1476 antea,
344 1400 452 1475 credo,
472 1401 546 1462 trita
573 1401 814 1474 consuetudine,
831 1399 982 1460 aSeneoa
998 1398 1086 1460 fuere
1106 1415 1164 1476 pro
1181 1397 1300 1459 Latinis

135 1510 286 1584 usurpata
302 1503 355 1586 (Ξ).
375 1505 408 1568 Si
424 1505 540 1567 deinde
565 1504 699 1568 a'iullio
722 1512 837 1568 novata
851 1505 947 1566 verba
963 1521 1178 1584 percenseam,
1202 1523 1299 1585 quarn

135 1628 235 1689 pauca
251 1611 393 1674 Stoicum
409 1614 569 1692 accepisse
583 1612 724 1692 reperio!
739 1611 921 1677 intertincti
943 1611 1069 1692 εἰρημένα
1089 1617 1190 1673 sorites
1213 1614 1300 1675 solus

138 1716 256 1796 legitur
270 1723 303 1779 in
321 1718 478 1795 Beneficiis
502 1719 555 1800 (3).
572 1724 674 1799 Atque
688 1727 805 1796 cetera,
824 1738 895 1799 quae
912 1737 982 1780 raro
1003 1717 1150 1780 adhibuit
1163 1718 1298 1797 Tullius,

138 1824 190 1886 vix
215 1831 351 1904 quatuor
384 1846 391 1888 :
423 1846 438 1884 n
458 1828 729 1906 comprehensiones
759 1828 813 1908 (l),
839 1825 1053 1906 indifferentia
1073 1824 1124 1906 (5),
1142 1825 1302 1904 providen-

137 1932 181 1994 iia
197 1931 250 2012 (6),
270 1933 481 2023 translationes
495 1933 535 2015 (t)
554 1955 584 2010 a,
600 1934 678 1995 mihi
692 1932 847 2014 quaerenti
863 1938 1080 1997 occurrerunt.

179 2042 254 2116 Quas
270 2059 369 2121 quum
385 2042 429 2104 ita
448 2043 521 2117 sint,
542 2044 699 2105 fateamur
721 2062 852 2106 neeesse
875 2049 922 2105 est
947 2061 1024 2123 opes
1038 2061 1133 2105 novas
1151 2043 1205 2124 (8),
1220 2062 1298 2124 quas

135 2152 224 2210 tanto
251 2148 358 2211 labore
385 2156 549 2228 paraverat
563 2152 601 2213 M.
625 2150 746 2212 Tullius
773 2152 931 2231 interpres
954 2153 1151 2225 Graecorum,
1170 2150 1299 2212 Senecae

135 2271 264 2333 parvam
282 2256 466 2337 utilitatem,
495 2274 593 2336 quum
618 2257 782 2329 scriberet,
797 2257 956 2320 attulisse·
980 2257 1071 2329 Quod
1087 2273 1161 2317 sane
1177 2254 1295 2318 mirum

134 2361 305 2436 videretur,
331 2360 391 2422 nisi
416 2368 616 2441 compertum
638 2368 721 2424 esset
744 2363 866 2424 nullam
881 2363 976 2424 aliam
993 2361 1207 2440 Philosophia
1223 2381 1296 2441 par-

132 2473 208 2543 tem,
226 2474 340 2547 praeter
363 2486 433 2530 eam
459 2486 529 2547 quae
549 2470 588 2529 ad
612 2486 716 2530 mores
745 2468 892 2547 pertinet,
912 2488 931 2530 a
955 2469 1075 2530 Seneca
1090 2468 1188 2530 fuisse
1207 2475 1293 2532 trac-

136 2579 232 2636 iatam
259 2578 291 2635 et
319 2572 521 2635 illustratam.
536 2574 601 2644 Oua
620 2579 725 2635 tamen
756 2574 789 2634 in
817 2580 907 2653 parte
945 2574 1095 2634 eumdem
1126 2571 1295 2633 verborum

135 2679 227 2759 eopia
240 2686 273 2742 et
288 2680 533 2742 concinnitatea
548 2681 652 2742 Tullio
663 2681 753 2743 iacilc
769 2679 852 2743 vinci
866 2679 1038 2760 putoouid
1051 2680 1159 2758 plurai
1170 2680 1294 2752 Quinti-

132 2788 217 2849 liano
234 2787 525 2849 assentiorhancde
535 2788 654 2849 Seneca
664 2788 776 2849 ferenti
794 2786 983 2850 sententiam
1001 2807 1007 2848 :
1028 2808 1042 2844 u
1056 2786 1295 2865 InPleiiosopbia
1353 2777 1355 2781 ’

127 2910 244 2971 parurn
260 2890 403 2971 diliuens,
419 2892 562 2973 egregius
580 2898 686 2953 tamen
703 2891 853 2954 viliorum
867 2891 1038 2954 insectator
1056 2891 1123 2953 luit.
1140 2893 1247 2954 Multae
1259 2892 1292 2953 in

163 3116 198 3182 (l)
215 3116 331 3177 eraedam
345 3116 448 3166 enimet
466 3116 516 3182 ipse
531 3114 621 3166 Seneca
638 3115 752 3167 adhibuit
767 3115 858 3178 Graes,
877 3133 953 3182 quum
974 3117 1061 3167 Latina
1075 3133 1131 3166 eum
1148 3117 1288 3169 deficerent.

132 3200 180 3252 Pro
191 3201 307 3268 exemplis
318 3201 383 3252 sint:
399 3200 505 3252 ἀπάθεια
516 3200 605 3270 (Epist.
619 3200 654 3266 S),
670 3202 762 3268 ἀπορία
775 3201 866 3271 (Epist.
878 3203 930 3268 tt),
944 3194 1008 3258 εἶδος
1020 3201 1108 3271 (Epist.
1125 3201 1175 3266 tt),
1191 3204 1295 3269 εὐθυμία

131 3288 196 3353 (cap.
210 3289 235 3346 2,
247 3284 278 3334 de
295 3272 384 3355 Trans).
395 3284 487 3350 citimi).

164 3372 201 3437 (t)
217 3370 316 3436 Legitur
324 3371 389 3437 apud
398 3370 515 3420 Senecam
528 3390 540 3415 ιι
553 3368 669 3437 analogia
681 3392 704 3423 a.
720 3391 733 3416 ιι
747 3370 908 3421 Hoeverbum
919 3386 995 3435 quum
1004 3370 1074 3420 latini
1088 3373 1239 3437 grammatici
1252 3374 1289 3425 ci·

129 3456 204 3506 vitate
218 3456 371 3515 donaverint,
387 3472 431 3522 ego
447 3456 612 3506 damnandum
630 3473 680 3505 nou
694 3465 769 3523 puto,
788 3472 833 3506 nee
848 3457 874 3505 in
887 3456 1011 3506 civitatem
1025 3472 1093 3506 suam
1107 3447 1286 3523 redigendum'.

128 3551 184 3593 utar
196 3558 252 3609 ergo
260 3532 319 3601 illo,
332 3558 382 3592 nou
394 3551 490 3591 tantum
504 3551 620 3607 tanquam
631 3551 739 3607 recepto,
755 3542 796 3590 sed
809 3551 924 3606 tanquam
935 3541 1024 3590 usitato
1036 3563 1048 3586 s
1061 3541 1149 3608 (Epist.
1165 3546 1228 3608 120).

162 3629 199 3692 (3)
214 3632 253 3677 Dc
267 3625 352 3693 Bencs.
366 3625 396 3676 V.
415 3627 443 3675 te
467 3654 500 3663 -
516 3624 570 3675 Non
585 3625 640 3676 dedi
654 3623 808 3695 equilibrium
828 3626 866 3688 (Q.
883 3624 912 3676 N.
927 3623 970 3686 lli,
986 3627 1038 3691 25).
1055 3624 1219 3694 AEquils'briam
1233 3629 1289 3695 qni·

127 3712 183 3762 dem
203 3720 228 3762 et
247 3707 400 3780 aequilibritas
411 3709 479 3775 (Cic.
498 3710 528 3759 de
541 3709 572 3761 D.
590 3708 620 3760 N.
635 3710 654 3770 l,
672 3710 720 3776 le)
735 3726 784 3759 non
803 3710 928 3761 dissimilia
945 3718 1001 3760 sunt
1015 3711 1124 3776 nomina,
1138 3711 1158 3761 si
1175 3711 1289 3778 respicias

126 3812 213 3848 eornm
226 3794 437 3857 informationem
454 3795 546 3845 sivero
561 3811 666 3859 sensum,
681 3811 779 3861 prorsus
792 3794 928 3848 dissimilia.

160 3886 195 3950 (i)
209 3885 244 3931 De
257 3882 306 3932 Vit.
316 3878 378 3931 beat.
395 3884 420 3932 8.

159 3969 196 4035 (5)
212 3964 400 4035 Indifferentia,
416 3980 469 4030 quac
483 3963 605 4030 ἀδιάφορα
618 3963 697 4015 Greci
710 3972 799 4015 vocant
812 3964 870 4034 (Ep.
886 3964 937 4029 st).

160 4058 197 4121 (a)
216 4053 284 4119 Saepe
302 4052 327 4101 in
341 4066 387 4100 usu
400 4049 466 4116 apud
479 4048 605 4099 Senecam.

159 4139 196 4205 (i)
214 4136 292 4208 Epist.
307 4136 348 4186 ti.

159 4226 197 4291 (8)
211 4222 278 4273 Nihil
293 4220 348 4271 dico
361 4219 392 4269 de
403 4217 525 4268 translatis
538 4217 627 4281 verbis,
643 4227 728 4285 utpote
747 4218 797 4283 jam
814 4227 870 4268 ante
884 4217 992 4267 Tullium
1004 4217 1077 4277 tritis,
1092 4217 1180 4283 quibus
1193 4219 1229 4269 uti
1243 4221 1285 4270 dc·

126 4306 182 4358 buit
193 4303 295 4365 Seneca
305 4309 405 4352 auctore
419 4299 471 4367 ipso
487 4299 612 4350 Cicerone.
