2790 4770
444 827 658 942 INDEX
710 828 949 942 RERUM

375 1069 449 1130 QUAE
466 1070 686 1125 CONTINENTUR
705 1075 738 1125 ΙΝ
756 1073 819 1125 HOC
837 1072 1010 1124 vonuuluu.

622 1299 757 1327 «σοον

112 1561 285 1612 Ριιοοιςιιυυ,

112 1645 200 1695 Thesis
213 1655 381 1711 argumentum
395 1657 420 1695 et
437 1648 538 1712 partitio
541 1681 920 1700 ......................
932 1690 936 1695 ,
948 1682 1189 1698 ...............
1261 1649 1275 1695 3

641 1872 744 1892 ⁴0*-
898 1875 916 1901 ο

594 2108 674 2160 PARS
691 2108 793 2159 PRIOR.

183 2278 217 2313 DE
234 2278 264 2315 Μ.
284 2279 380 2316 nuncto
399 2277 531 2317 CICERONE
549 2277 714 2318 cantitamus
732 2275 856 2316 canutus
875 2277 1030 2316 GRAEGORUH
1048 2277 1203 2317 VERTENTE.

661 2432 725 2440 -ι-κ

111 2582 181 2630 Car.
200 2581 220 2629 1.
275 2609 302 2616 -
322 2580 385 2641 Quid
397 2581 426 2629 de
436 2580 468 2629 M.
484 2578 564 2629 Tullio
578 2588 650 2645 poeta
663 2576 781 2626 senserint
792 2575 887 2642 antiqui
893 2613 966 2627 .....
976 2614 983 2644 .·
993 2611 1183 2630 ............
1258 2583 1273 2629 5

111 2664 181 2713 Gar.
200 2663 231 2712 u.
273 2693 304 2700 —
323 2663 449 2723 Quomodo
464 2672 557 2713 veteres
579 2671 672 2728 poetae,
688 2661 783 2711 Graecos
800 2661 984 2726 interpretando
998 2670 1041 2711 aut
1060 2661 1188 2726 imitando,

365 2764 499 2798 sermonem
508 2747 612 2798 latinum
619 2745 698 2796 ditare
706 2744 841 2795 voluerint?
850 2744 885 2794 De
893 2744 1024 2794 verborum
1033 2743 1097 2795 inter
1108 2761 1133 2794 se
1147 2762 1189 2795 co·

366 2830 531 2896 putationibus
537 2864 1184 2882 .......................................
1258 2836 1284 2899 7ἱ

113 2914 182 2964 Gan.
202 2911 246 2963 ΙΙΙ.
273 2942 303 2950 -
321 2912 357 2962 De
370 2915 451 2980 graeois
461 2914 600 2965 nominibus
612 2924 636 2965 et
647 2915 677 2964 de
689 2914 768 2964 verbis
777 2913 868 2978 junctis
879 2924 989 2964 veterum
1000 2923 1128 2980 poetarum
1137 2931 1191 2981 quae

365 2999 478 3064 leguntur
492 3000 557 3064 apud
571 2998 712 3048 Ciceronem
723 3032 1186 3052 ............................
1245 3003 1273 3052 18

112 3084 179 3133 Gne.
198 3082 241 3133 lv.
273 3112 304 3124 -—
323 3083 351 3134 L.
365 3082 500 3132 Andronici
515 3081 624 3149 Odysseae
635 3082 758 3148 Enniique
770 3082 858 3132 Medeae
870 3081 1011 3148 fragmenta.
1024 3081 1088 3144 Quid
1101 3082 1132 3132 de
1144 3083 1191 3134 illis

364 3176 448 3232 utpote
462 3166 601 3216 Graecorum
615 3167 788 3233 interpretibus
802 3166 955 3216 sentiendum
969 3167 1021 3216 sit?
1026 3202 1185 3219 ..........
1240 3171 1272 3220 at

112 3251 178 3319 Car.
199 3251 228 3301 V.
271 3281 302 3288 -
322 3251 407 3302 Utrum
422 3251 502 3301 Attius
515 3268 547 3300 an
561 3252 647 3313 Cicero
662 3252 687 3300 in
701 3250 805 3301 latinum
821 3251 921 3301 verterit
934 3252 989 3300 loca
1002 3251 1045 3301 ubi
1060 3251 1191 3318 Sophocles

327 3330 330 3336 ’
364 3347 388 3386 et
402 3337 531 3403 AEschylus
547 3338 707 3388 lamentantes
721 3338 842 3388 inducunt
855 3337 999 3387 Promethea
1011 3347 1036 3387 et
1050 3338 1187 3387 Herculem.
1241 3340 1273 3388 45

112 3421 178 3470 Car.
199 3420 240 3471 Vl.
270 3451 302 3459 -
321 3421 459 3471 Graecorum
472 3431 599 3488 poetarum
613 3422 661 3472 loci
675 3439 690 3472 a
704 3421 736 3474 M.
753 3423 781 3471 T.
794 3422 911 3472 Cicerone
923 3421 1078 3487 interpretati
1081 3456 1185 3473 .......
1241 3425 1271 3472 te

113 3505 176 3556 Car,
199 3505 251 3556 Vll.
270 3536 303 3545 —
320 3507 355 3557 ne
369 3508 435 3574 poesi
446 3524 475 3556 ae
484 3508 514 3556 de
523 3524 550 3556 re
559 3507 717 3558 metrieaaL.
726 3507 865 3557 Andronico
877 3507 991 3572 usquead
1003 3506 1189 3557 Ciceronem.-

364 3590 399 3640 De
413 3599 517 3640 accentu
530 3607 559 3640 ac
571 3591 693 3657 prosodia.
704 3619 732 3628 -
745 3590 908 3640 Constituitur
921 3589 1058 3639 carminum
1072 3589 1189 3656 perfectio

364 3686 436 3742 atque
456 3675 575 3726 absolutio
594 3677 660 3742 apud
678 3677 803 3726 Maronem
820 3685 845 3725 et
862 3675 1000 3727 Horatium.
1020 3702 1048 3714 -··
1064 3674 1189 3737 Quomodo

363 3761 399 3810 illi
414 3761 552 3812 Graecorum
566 3761 700 3812 imitatores
716 3761 890 3829 interpretesve
903 3761 1030 3829 proprium
1043 3759 1134 3827 ingenii
1148 3778 1189 3812 co·

362 3846 438 3896 iorem
452 3838 598 3896 retinuerint
607 3879 1182 3898 ..................................
1224 3849 1268 3898 loc

639 4070 742 4092 -400-
