2790 4770
533 350 734 411 -ntt—

52 504 126 566 quae
142 485 221 546 mihi
241 485 367 548 videtur
388 503 452 547 non
475 491 542 547 tam
563 487 632 566 ipsa
656 487 783 566 aquula‚
803 504 875 565 quae
897 487 1097 563 describitur,
1117 507 1214 569 quam

53 591 193 654 Platonis
208 592 349 653 oratione
376 590 511 652 crevisse
528 611 535 652 :
563 597 595 654 et
609 593 694 671 quod
707 591 759 652 ille
780 589 958 653 durissimis
975 592 1112 670 pedibus
1125 593 1212 668 feeit,

52 705 90 761 ut
112 717 146 760 se
176 698 327 777 abjiceret
337 697 371 758 in
390 698 533 775 herbam,
546 704 642 778 atque
670 699 714 760 ita
740 699 805 774 illa,
833 716 906 778 quae
928 697 1111 779 philosophi
1136 701 1213 764 divi·

52 806 143 870 nitus
172 807 278 869 ierunt
301 825 368 867 esse
384 805 480 880 dicta,
509 807 705 885 loqueretur,
733 804 765 865 id
784 804 863 865 meis
877 804 1014 882 pedihus
1038 813 1123 870 certe
1141 826 1215 872 oon·

52 913 128 977 cedi
147 919 196 977 est
215 914 408 995 aquius-(l).

94 1019 176 1096 Cic,
186 1025 219 1083 ιἰι
231 1023 331 1100 Epist.
344 1021 386 1082 ad
394 1022 430 1097 Q.
439 1020 579 1099 fratrem,
592 1021 616 1095 Ι,
630 1023 728 1099 capt
744 1039 750 1081 :
765 1053 806 1066 -
815 1021 918 1100 Atque
927 1020 979 1082 ille
988 1021 1119 1100 quidem
1129 1022 1214 1102 prin·
1286 1030 1291 1036 '

52 1150 134 1211 ceps
164 1129 282 1210 ingenii
310 1135 342 1192 et
364 1129 530 1205 doctrinae,
549 1130 655 1204 Plato,
674 1133 745 1190 tum
771 1129 910 1209 denique
930 1131 997 1193 iore
1017 1131 1125 1193 beatas
1156 1148 1221 1192 res·

53 1238 203 1319 publicas
219 1236 353 1317 putavit,
382 1236 408 1296 si
435 1241 491 1298 aut
512 1234 600 1298 docti
621 1253 657 1297 ac
681 1236 839 1315 sapientes
864 1236 1010 1298 homines
1035 1256 1087 1300 eas
1110 1256 1220 1318 regere

53 1343 239 1423 coepissent,
257 1348 311 1404 aut
329 1341 363 1419 ii,
380 1341 435 1422 qui
454 1346 610 1421 regerent,
629 1358 724 1402 ornne
738 1359 833 1402 suum
857 1342 1002 1403 studium
1024 1341 1056 1404 in
1072 1344 1219 1407 doctrina

52 1472 94 1515 ac
124 1453 279 1531 sapientia
308 1452 529 1514 collocassent.
553 1452 640 1511 Hanc
664 1449 924 1529 conjunctionem
945 1452 1094 1516 videlicet
1117 1458 1221 1532 potes·

55 1559 134 1624 tatis
147 1578 184 1623 ac
200 1559 373 1640 sapientiae,
388 1559 483 1622 saluti
499 1558 624 1621 censuit
637 1558 820 1621 civitatibus
831 1578 898 1622 esse
920 1579 1012 1641 posse
1025 1563 1078 1641 (θ).

98 1670 179 1746 Cic,
196 1670 234 1731 de
250 1670 331 1746 Flu,
343 1672 380 1746 ll,
398 1687 466 1748 cap.
482 1672 500 1728 2
514 1688 521 1729 :
534 1667 824 1746 -Bonumipsum
839 1669 1028 1748 etiamquid
1044 1675 1137 1745 esset,
1154 1671 1220 1733 ior·

53 1786 153 1853 tasse,
170 1777 196 1838 si
211 1777 423 1857 opusfuisset‚
443 1775 625 1837 definisses:
650 1779 718 1849 aut,
735 1777 822 1854 quod
836 1781 920 1838 esset
941 1784 1055 1838 natura
1068 1781 1223 1856 appeten·
1292 1848 1294 1854 ¹

55 1891 160 1963 dum3
177 1892 240 1962 aut,
256 1887 342 1966 quod
361 1885 540 1964 prodessen
562 1887 626 1959 aut,
651 1884 736 1962 quod
749 1883 889 1962 juvaret3
911 1889 975 1959 aut,
1000 1885 1087 1964 quod
1109 1885 1224 1949 liberet

58 1997 162 2060 modo
182 1997 235 2075 (3).
653 1978 655 1982 ⁴

100 2104 183 2185 Cic,
205 2104 242 2166 de
266 2104 344 2180 nu,
371 2104 410 2177 ΙΙ,
433 2106 536 2180 eap.9
555 2121 616 2162 :—
632 2099 779 2161 Primum
796 2100 903 2162 divisit
926 2100 1130 2181 ineleganter.
1153 2106 1223 2168 Duo

57 2215 150 2278 enirn
172 2231 286 2295 genera
310 2216 497 2293 quaerant,
526 2209 603 2274 lecit
622 2208 693 2272 tria.
720 2212 788 2271 Hoc
812 2216 858 2271 est
890 2230 955 2273 non
984 2212 1139 2294 dividere,
1168 2219 1223 2278 sed

58 2328 206 2405 frangere
222 2340 290 2385 rern
310 2321 363 2404 (l).
1204 2333 1209 2343 ·

94 2515 132 2580 (i)
150 2512 178 2563 ln
190 2511 238 2562 hoc
251 2512 305 2562 loeo
317 2508 379 2560 nihil
393 2525 540 2576 magnopere
549 2508 716 2560 observatione
728 2519 763 2560 est
773 2509 872 2575 dignum
884 2511 950 2577 quod
963 2512 994 2561 ad
1003 2511 1229 2580 interpretationem

61 2597 160 2663 attinet,
175 2607 263 2666 prater
274 2598 323 2647 duo
334 2611 341 2647 ε
354 2605 442 2664 praeter
456 2592 628 2647 diminutivum
645 2617 657 2640 ι
668 2594 756 2665 equulo
768 2617 780 2640 ν
804 2597 879 2663 (quod
891 2596 958 2648 haud
972 2597 1021 2650 seio
1036 2616 1067 2650 an
1080 2600 1140 2650 alibi
1153 2618 1223 2669 repe·

62 2683 106 2735 riri
119 2683 195 2752 possit
208 2683 275 2749 apud
288 2681 446 2734 Ciceronem:
458 2681 499 2731 sed
511 2695 588 2747 quum
604 2680 733 2747 reperisset
746 2703 759 2726 ι
770 2682 871 2733 ὑδάτων
883 2703 895 2727 ν
907 2683 973 2749 apud
991 2684 1126 2750 Platonem,
1140 2697 1167 2737 ut
1182 2685 1225 2736 ille

65 2786 93 2821 ex
103 2791 117 2815 ι
126 2766 193 2836 ὕδωρ
208 2768 307 2819 θδάτιον
319 2788 343 2831 ιι,
352 2767 387 2817 ite
400 2763 451 2834 ipse
462 2782 492 2816 ex
502 2789 513 2811 ι
528 2783 590 2835 aqua
600 2788 612 2807 ν
624 2765 703 2815 faeere
715 2765 793 2816 veluit
808 2787 820 2811 ιι
831 2765 922 2836 equulo
935 2768 966 2834 n),
979 2777 1003 2818 et
1017 2779 1105 2836 praeter
1121 2771 1223 2823 verbum

66 2852 175 2925 objiceret
189 2868 244 2904 cum
254 2868 366 2920 pronum.
378 2869 413 2912 ae,
423 2845 469 2918 pro
482 2867 531 2917 quo
545 2859 580 2900 est
591 2850 656 2917 apud
665 2849 791 2901 Platonem
800 2872 812 2896 ιι
824 2852 964 2910 καθίζεσθαι
976 2852 1018 2902 καί
1030 2859 1226 2918 κατακλιθῆναι»

68 2940 150 3001 (fleur.
165 2938 275 3007 slepe).
289 2937 337 2989 Sed
351 2936 502 3005 proferamus
516 2936 598 2986 locum
610 2934 729 3001 (loquitur
741 2936 866 3000 Phaedrus)
879 2951 886 2986 t
899 2959 911 2981 ι
922 2935 1027 3005 Ῥᾷστον
1037 2931 1080 2992 οὖν
1091 2942 1148 3007 ἡμῖν
1160 2945 1225 2995 κατὰ

70 3025 95 3076 ιδ
108 3025 208 3077 ὑδάτων
221 3023 338 3091 βρέχονσι
354 3022 413 3079 τοὺς
426 3021 503 3078 πόδας
515 3021 588 3082 ίέναι,
606 3019 648 3070 καί
666 3021 713 3070 οὐκ
731 3020 812 3081 ἀηδὲς,
825 3019 902 3077 ἄλλως
916 3038 943 3071 τε
958 3021 1000 3071 καί
1012 3024 1085 3083 τήνδε
1099 3026 1143 3085 τὴν
1156 3028 1223 3094 ὥραν

71 3108 111 3161 τοῦ
125 3110 197 3166 ίτονς
210 3126 238 3160 τε
251 3109 293 3159 καὶ
306 3109 350 3169 τῆς
360 3108 462 3175 ἡμέρας.
472 3108 539 3156 -Σ,
551 3104 651 3172 Προάγε
662 3104 703 3167 δὴ,
718 3103 761 3154 καὶ
773 3104 861 3154 σκόπει
875 3105 927 3170 ἅμα
941 3107 1005 3156 θπου
1020 3107 1181 3174 καθισόμεθα.
1193 3139 1225 3152 -

73 3194 102 3246 t».
123 3195 201 3264 Ὀρᾷς
216 3183 259 3247 οὖν
280 3193 376 3255 ἐκείνην
391 3194 435 3254 την
451 3191 608 3257 ὑψηλοτάτην
624 3190 761 3250 πλάτανον;
772 3217 804 3226 —-
814 3191 841 3238 Σ.
857 3191 887 3240 Τί
900 3192 959 3255 μήν;
969 3219 1000 3227 -
1010 3194 1042 3243 Φ.
1053 3194 1122 3244 Ἐκεῖ
1132 3195 1192 3245 σκιά
1203 3192 1225 3245 τ’
1307 3179 1311 3186 ’

75 3277 121 3331 ίοτι
133 3281 176 3332 καὶ
187 3277 284 3345 πνεῦμα
296 3281 407 3346 μέτριον,
420 3277 462 3328 καί
470 3277 520 3329 πόα
534 3267 706 3353 καθίζεσθαιῇ
718 3276 759 3326 ἐὰν
775 3275 921 3342 βουλώμεθα
934 3279 1120 3339 κατακλιθῆναι.

104 3366 138 3431 (2)
156 3364 194 3415 Gi.
211 3387 224 3411 ι
237 3362 271 3416 'rt
282 3365 308 3414 δὲ
320 3365 348 3426 δὴ
365 3361 524 3430 perdiscite,
537 3364 570 3419 ῶς
583 3362 656 3422 ἔοικε,
668 3362 810 3427 πειρώμεθα
822 3362 901 3422 ζητεῖν
914 3378 941 3412 τε
955 3363 997 3412 καὶ
1011 3362 1192 3427 ἀποδεικνύναι,
1202 3367 1226 3417 τί

71 3460 130 3501 ποτε
141 3456 185 3501 νῦν
203 3451 290 3507 κακῶς
303 3451 328 3500 ἐν
347 3449 401 3505 ταῖς
412 3447 498 3498 πολέσι
511 3445 655 3510 πράττεται,
670 3443 699 3494 δι’
713 3440 726 3494 δ
746 3445 793 3510 οὐχ
812 3441 892 3502 οὕτως
910 3438 1046 3506 οίκοίινται,
1062 3447 1104 3498 καὶ
1118 3450 1182 3506 τίνος
1196 3448 1225 3502 ἂν

70 3537 239 3604 σμικροτάτου
253 3535 432 3602 μεταθαλόνιος
450 3533 514 3584 ἔλθοι
528 3532 561 3588 είς
574 3529 663 3581 τοῦτον
675 3531 718 3580 τδν
732 3530 823 3596 τρόπον
838 3531 881 3591 τῆς
893 3532 1016 3590 πολιτείας
1028 3533 1105 3600 πόλις,
1121 3536 1226 3599 μάλιστα

70 3619 119 3681 μίν
129 3622 187 3684 ἑνὸς,
200 3630 269 3672 ete.»
288 3618 363 3670 Paulo
375 3628 430 3685 post
444 3635 449 3667 :
465 3638 478 3662 ι
498 3617 556 3679 Ἐὰν
570 3618 612 3680 μὴ,
624 3609 654 3677 ἦν
674 3613 695 3664 δ’
713 3611 801 3678 ἐγὼ,ἢ
823 3617 845 3665 οί
863 3615 991 3681 φιλόσοφοι
1009 3619 1186 3682 βασιλεύσωσιν
1202 3622 1227 3672 ἐν

70 3704 128 3762 ’ταῖς
138 3707 244 3768 πόλεσιν,
256 3702 272 3768 ἢ
291 3708 314 3757 οἱ
328 3704 429 3771 βασιλῆς
440 3718 467 3752 τε
481 3707 523 3752 νῦν
542 3700 670 3765 λεγόμενοι
685 3698 727 3749 καί
738 3699 857 3750 δυνάσται
871 3702 1057 3765 φιλοσοφήσωσι
1076 3705 1183 3768 γνησίως
1200 3723 1227 3757 τε

68 3786 121 3837 καί
130 3791 229 3859 ίκανῶς,
241 3789 284 3839 καί
298 3794 372 3840 τοῦτο
381 3788 423 3844 είς
436 3785 526 3836 ταύτὸν
542 3783 670 3848 Ευμπέση,
684 3783 786 3848 δύναμίς
800 3798 827 3832 τι
838 3784 950 3844 πολιτικὴ
964 3784 1006 3834 καὶ
1015 3788 1160 3854 φιλοσοφία,
1175 3777 1233 3842 τῶν

68 3884 110 3921 τε
117 3872 153 3924 νῦν
165 3875 339 3942 πορευομένων
353 3873 429 3943 χωρὶς
443 3869 480 3936 ἐφ’
495 3869 612 3936 ἑκάτερον
626 3871 651 3918 αί
666 3868 753 3919 πολλαὶ
767 3868 850 3933 φάσεις
862 3866 886 3924 ἐξ
900 3869 1009 3933 ἀνάγκης
1020 3872 1226 3941 ἀποκλεισθῶσιν,

70 3957 127 4008 οὐκ
136 3960 183 4013 ἔστι
196 3963 281 4013 κακῶν
293 3958 386 4011 παῦλα.
397 3996 403 4008 .
414 3995 420 4008 .
431 3991 455 4007 ..
470 3955 556 4017 (Plat,
573 3953 655 4014 civit,
669 3952 713 4018 Vt)

117 4045 144 4111 (l)
159 4048 208 4099 lioe
224 4049 278 4099 lo'co
296 4046 392 4097 videtur
405 4033 486 4095 latinis
498 4039 578 4091 verbis
593 4038 725 4090 reddidisse
741 4038 792 4088 luec
812 4037 894 4089 Graeea
910 4038 1035 4090 Platonis:
1053 4065 1064 4083 «
1085 4043 1191 4106 Ἀγαθὸν,
1214 4043 1227 4096 δ

78 4125 221 4184 adelelmi
231 4133 301 4202 χάριν
310 4131 451 4197 ἀγαπῶμεν,
459 4127 501 4178 καὶ
511 4123 575 4177 τὸδί
585 4125 646 4175 αὑτὸ
661 4124 768 4192 αἱρετόν.
778 4145 790 4168 ιι
799 4153 828 4162 -
840 4124 935 4175 Alibi«
946 4127 982 4175 Τὸ
996 4124 1116 4190 ὠφελοῦν,
1129 4128 1157 4177 τὸ
1169 4130 1226 4197 ἡδὺ,

82 4207 119 4256 τὸ
128 4213 233 4278 tractio.
247 4239 259 4263 »
727 4281 728 4285 Ἰ
1157 4284 1160 4289 1

123 4296 150 4363 (ί)
165 4302 207 4354 llic
221 4319 292 4354 nemo
308 4318 359 4351 non
373 4299 510 4367 suspicetur
523 4301 580 4347 etim
593 4311 623 4346 ex
638 4292 744 4345 Platonis
757 4293 860 4344 Phaedro
878 4294 959 4343 locum
978 4294 1080 4345 rol'uisse
1095 4298 1230 4363 exprimere

93 4371 226 4454 citerorum,
237 4387 263 4438 in
274 4404 324 4456 quo
336 4386 371 4438 ait
384 4386 496 4436 Socrates
510 4391 623 4451 oportere
635 4379 662 4430 in
675 4379 742 4430 omni
756 4378 941 4446 disputatione«
956 4380 984 4430 τὸ
997 4380 1052 4429 κατ’
1066 4376 1118 4437 εἴδη
1130 4380 1231 4451 διατέμ·
