2790 4770
521 221 779 286 ·-ae5-
866 247 869 252 ·

51 395 58 404 ·
97 368 195 440 raret,
211 364 266 444 qui
282 363 466 426 Ciceronem
487 361 695 424 arbitraretur
711 380 793 438 eam,
811 378 906 440 quam
925 376 1019 438 supra
1034 356 1182 434 diximus,
1196 357 1256 421 vir·

97 476 201 534 tutem
214 471 320 534 minus
335 487 403 533 esse
418 475 639 545 consecutum,
659 470 744 548 quod
769 468 924 530 nonsatis
950 465 1123 544 diligentia
1145 466 1183 526 ad
1199 465 1257 526 bo-

97 597 175 642 num
188 579 234 642 rei
253 578 372 641 exitum
385 576 567 640 contulerit.
587 576 635 638 llli
657 576 698 638 ob
712 575 789 638 alias
807 593 916 638 causas
929 571 1067 636 defuisse
1081 571 1254 637 verborum

97 689 306 751 subtilitatem
333 687 478 748 vidimus.
501 687 580 746 llam
596 684 741 764 prolecto
764 682 1011 764 comparavisset
1024 679 1156 755 Pullius,
1174 677 1201 739 si
1221 678 1254 739 id

98 788 166 849 lieri
194 786 250 848 illo
277 793 422 864 tempore
445 783 609 865 potuisset.
630 784 758 846 Etenim
785 790 820 845 ut
835 783 988 844 vocabula
1012 779 1255 855 locutionesque

98 892 178 953 nihil
204 893 335 954 omnino
358 892 392 952 in
413 908 447 952 se
462 891 612 966 habeant,
636 890 721 970 quod
742 887 935 969 reprehendi
950 890 1055 965 queat,
1068 898 1197 945 necesse
1210 885 1257 942 est

98 1018 149 1061 res
163 999 258 1078 ipsas,
285 1018 364 1079 quas
379 999 475 1062 verba
495 998 672 1077 designant,
689 997 779 1079 quasi
801 996 872 1058 luce
887 993 1037 1057 clariores
1053 1007 1131 1054 esse.
1150 987 1257 1064 Qualis

98 1113 206 1170 autem
234 1108 405 1188 aliquando
427 1106 488 1168 sibi
514 1104 579 1168 visa
605 1105 707 1169 luerit·
726 1122 834 1166 rerum
865 1102 1052 1179 obscuritas,
1077 1099 1110 1162 in
1135 1099 1256 1162 Timaeo

98 1215 287 1296 praesertim,
312 1216 399 1276 idem
421 1215 489 1292 ipse
504 1213 685 1292 profitetur.
720 1214 804 1290 llrgo
830 1211 908 1272 illud
921 1211 988 1290 jam
1007 1207 1117 1270 mirari
1133 1208 1258 1270 desina-

98 1341 180 1401 mus,
211 1342 269 1387 cur
295 1324 434 1384 Tullium
460 1321 587 1382 deficiat
611 1338 648 1381 33
674 1320 785 1396 virtus,
810 1338 872 1399 qua
894 1319 1104 1397 philosophos
1123 1317 1255 1397 hujusce

97 1429 207 1505 aetatis,
224 1427 278 1507 qui
295 1428 439 1490 oratione
452 1424 564 1506 gallica
577 1424 679 1504 perite
704 1431 737 1488 et
756 1427 919 1505 eleganter
930 1429 1073 1501 utuntur,
1088 1425 1173 1485 solos
1188 1441 1256 1486 esse

97 1535 246 1613 praeditos
261 1534 395 1594 affirmo.
411 1532 488 1594 Mihi
509 1533 646 1611 denique
661 1533 758 1594 liceat
772 1530 803 1592 id
828 1549 978 1593 renovare
1000 1533 1086 1612 quod
1098 1532 1165 1612 jam
1181 1534 1255 1593 ante

97 1641 174 1702 dixi.
189 1641 290 1702 Rudis
311 1658 347 1701 ac
362 1641 424 1702 tiro
446 1641 478 1700 in
492 1637 709 1717 Philosophia,
734 1657 844 1719 neque·
857 1640 1013 1719 sermonis
1031 1641 1133 1719 copia,
1151 1657 1255 1720 neque

96 1748 216 1828 ingenii
240 1747 386 1809 acumine
409 1741 580 1824 (Romanus
608 1746 695 1807 enim
722 1751 778 1818 est,
803 1747 877 1808 licet
902 1747 966 1808 suis
991 1748 1094 1808 multo
1119 1746 1255 1826 acutior)

96 1856 258 1918 Aristoteli
283 1859 338 1915 aut
351 1854 472 1915 Platoni
489 1872 557 1932 par,
571 1855 678 1917 ellecit
692 1861 801 1917 lamen
812 1860 859 1933 ut,
876 1856 964 1918 novis
975 1856 1042 1934 jam
1055 1858 1164 1917 Romae
1180 1855 1255 1917 doc·

96 1961 188 2024 trinis
207 1960 407 2036 florentibus,
427 1978 508 2022 nova
532 1979 660 2041 quoque
684 1962 792 2040 lingua
805 1964 891 2024 velut
913 1979 930 2024 e
946 1962 1086 2024 tenebris
1103 1961 1136 2022 in
1147 1962 1255 2024 claris·

96 2071 210 2132 simam
225 2070 332 2131 lucem
348 2073 535 2147 emergeret.
551 2069 724 2130 Pulchrum
747 2087 783 2131 33
800 2071 989 2149 praclarum
1005 2088 1085 2149 opus
1099 2074 1105 2130 !
1121 2087 1181 2132 nec
1197 2086 1255 2149 per

96 2175 187 2238 illum
202 2174 290 2238 stetit
298 2176 376 2255 quin
393 2175 556 2253 pulchrius
564 2173 729 2236 exstiterit.
749 2176 831 2236 Eum
843 2176 929 2237 enim
944 2194 1026 2256 saepe
1039 2177 1169 2238 laudare
1184 2193 1255 2255 pos-

96 2302 205 2347 sumus
228 2283 502 2363 religiosissimum
524 2281 663 2343 Platonis
685 2282 906 2361 interpretem,
935 2284 1012 2344 dum
1034 2288 1168 2345 conatur
1188 2300 1255 2344 non

96 2393 193 2454 modo
224 2390 454 2455 sententiarum
477 2388 758 2463 conformationes,
789 2391 844 2451 sed
873 2390 968 2453 verba
992 2392 1089 2453 etiam
1115 2391 1198 2454 inter
1220 2409 1253 2454 se

93 2504 204 2583 juncta
218 2503 386 2581 diligenter
401 2499 577 2578 exprimere
596 2498 661 2560 :ita
675 2504 711 2560 ut
722 2498 792 2577 jure
805 2497 921 2560 dixeris
933 2500 1027 2560 aliam
1039 2500 1253 2564 elocutionem

95 2607 192 2669 fuisse
206 2604 351 2668 Ciceroni
365 2623 448 2680 suos,
463 2604 558 2665 aliam
568 2605 753 2666 Graecorum
768 2622 878 2666 seusus
895 2605 1085 2669 enuntianti.

135 2708 253 2787 Scripsi
270 2725 414 2782 «suos»
432 2725 615 2787 quanquam
630 2708 697 2770 scio
712 2708 794 2769 nihil
805 2726 823 2768 a
836 2725 870 2770 se
884 2708 1069 2771 Ciceronem
1084 2711 1250 2774 extulisse:

96 2814 204 2877 omnia
217 2831 344 2894 nempe,
353 2814 379 2875 si
392 2815 545 2893 resipsas,
554 2833 618 2876 non
627 2814 874 2894 dicendigenus,
886 2818 1103 2895 perpenderis
1112 2819 1253 2882 aGraecis

96 2930 259 2986 mutuatus
274 2928 332 2986 est.
356 2927 422 3002 llgo
444 2941 518 2986 vero
539 2944 553 2982 3
574 2942 647 2985 3333
668 2947 682 2984 u
699 2925 843 2986 Ciceroni
859 2941 925 2986 esse
940 2942 1048 2986 sensus
1064 2927 1096 2985 in
1109 2928 1253 2990 Philoso-

94 3030 256 3114 phialam,
279 3049 378 3112 quum
394 3031 458 3109 ille,
478 3032 545 3111 jam
564 3050 626 3093 non
642 3035 822 3095 Graecorum
845 3031 924 3094 locis
938 3033 1062 3095 everbc
1080 3034 1250 3110 translatis,

94 3142 144 3202 sui
159 3139 278 3220 ingenii
292 3141 427 3202 sormam
443 3140 612 3202 scribendo
627 3143 782 3220 sequitur,
800 3160 837 3203 ac
852 3143 954 3203 multa
966 3159 1004 3204 ex
1016 3143 1121 3205 alieno
1140 3143 1252 3206 hausta

95 3248 193 3324 lonte,
206 3248 246 3309 ad
263 3247 441 3322 arbitrium,
457 3248 526 3309 fuse
541 3248 695 3328 disputat.

134 3358 202 3417 lloc
214 3355 309 3435 igitur
322 3356 438 3433 posito,
462 3355 635 3416 videndum
664 3360 712 3417 est
725 3360 880 3435 quatenus
893 3357 1118 3434 progrediatur
1127 3358 1248 3435 Cicero,

93 3462 233 3524 Platonis
263 3463 433 3540 interpres,
451 3479 550 3540 quum
566 3479 598 3524 se
627 3464 667 3523 ad
683 3461 830 3524 ordinem
843 3462 1252 3542 J'uncturasqueverborum

94 3569 184 3648 lingit
206 3574 238 3631 e't
260 3569 494 3630 accommodat.
510 3568 610 3638 Ouid?
627 3573 738 3646 utpote
753 3566 890 3630 oratoria
908 3566 1024 3631 virtute
1039 3570 1252 3633 eminentissi-

93 3694 163 3738 mus
176 3677 275 3751 Plato,
292 3693 398 3736 nonne
410 3676 494 3736 illius
510 3677 713 3738 aemulaticne
725 3676 839 3757 dignus
854 3678 920 3740 est?
933 3679 1033 3749 Quem
1047 3678 1251 3759 potissimum

93 3786 208 3846 ducem
232 3800 269 3844 ac
290 3783 417 3844 dicendi
447 3783 632 3862 magistrum
654 3789 736 3845 esset
757 3784 917 3847 imitatus?
949 3787 1029 3864 Ergo
1046 3791 1163 3865 quanta
1175 3787 1252 3848 reli-

92 3892 186 3972 gione
207 3890 277 3969 pius
301 3890 521 3969 gravissimum
540 3890 713 3970 discipulus
733 3899 900 3955 auctorem
923 3893 1068 3956 observat
1092 3913 1129 3956 ac
1153 3894 1250 3959 colitl

93 4002 209 4061 Omnes
233 3997 329 4058 attice
357 3997 525 4058 scribentis
542 3999 599 4058 riri
624 4005 707 4059 artes
723 3998 784 4058 sibi
810 4016 937 4070 sumere
959 4006 1025 4060 tam
1046 3998 1251 4061 vehementer

91 4108 209 4183 studet,
225 4113 259 4169 ut
271 4125 303 4166 se
317 4107 463 4167 Latinum
474 4125 541 4168 esse
548 4108 680 4186 jamnon
688 4109 870 4169 meminisse
878 4107 1030 4170 videatur.
1044 4109 1152 4170 Graece
1164 4108 1250 4171 enim

92 4219 252 4282 interdum
272 4215 319 4294 (ut
341 4216 423 4277 inlra
444 4214 645 4297 videbimus),
674 4236 736 4279 non
758 4213 855 4281 latine
866 4217 1029 4300 loquitur,
1051 4219 1127 4318 dum
1151 4217 1249 4280 verba
