2790 4770
391 665 796 788 CONCLUSIO.

56 1481 212 1559 Quoniam
224 1479 328 1544 omnis
341 1480 412 1543 baec
434 1477 608 1561 disputatio
621 1481 731 1542 nostra
749 1494 788 1542 eo
803 1477 958 1560 pertinuit
978 1481 1014 1542 ut
1025 1476 1178 1561 exemplis

16 1587 258 1669 rationibusque
276 1586 461 1669 conquisitis
479 1589 671 1667 probaretur
684 1591 841 1668 quantum
862 1588 1095 1666 adaugendam
1115 1586 1178 1648 lin-

16 1710 124 1775 guam,
150 1693 214 1757 sive
237 1695 393 1774 poeticen,
411 1695 474 1758 sive
489 1696 625 1757 solutam
640 1695 819 1758 orationem
839 1700 974 1774 spectes,
988 1695 1030 1757 Μ.
1043 1693 1176 1771 Tullius,
1243 1694 1256 1704 ‘

18 1783 173 1882 interpres
190 1804 381 1877 Graecorum,
404 1802 586 1879 contulerit,
604 1801 680 1880 quid
695 1799 736 1864 sit
750 1819 788 1864 ex
800 1801 870 1864 istis
887 1799 1106 1880 colligendum
1120 1804 1175 1862 aut

18 1910 273 1973 concludendum
290 1909 431 1972 breviter
445 1907 521 1971 lieet
532 1907 647 1970 dicere.

56 2015 93 2076 ln
115 2013 214 2095 priori
235 2022 324 2095 parte
340 2017 484 2097 quaedam
507 2016 669 2095 praecipua
688 2015 768 2077 mihi
780 2014 892 2077 videor
906 2015 1094 2078 obtinuisse.
1110 2009 1178 2074 Pri-

19 2139 116 2199 mum,
132 2124 241 2186 Cicero
255 2143 273 2185 a
287 2126 444 2188 veteribus
468 2124 582 2205 poetis,
600 2142 739 2206 quorum
758 2125 909 2204 reliquias
925 2123 1103 2205 percensui,
1125 2139 1178 2185 vo·

18 2229 245 2294 mbulaGraeca
256 2231 436 2313 multasque
447 2233 641 2312 compositas
654 2251 747 2296 voces
763 2238 924 2296 mutuatus
937 2237 998 2308 est;
1016 2236 1059 2310 et,
1075 2248 1174 2310 quum

11 2335 78 2415 jam
92 2337 234 2417 quaesitis
248 2338 288 2400 ab
315 2340 417 2401 Ennio
440 2347 495 2403 aut
516 2339 578 2402 alio
608 2341 752 2420 quolibet
773 2340 974 2421 superiorum
988 2338 1033 2400 uti
1055 2355 1120 2401 non
1133 2337 1175 2398 ti·

18 2449 126 2522 meret,
142 2463 210 2507 rem
224 2447 413 2509 familiarem
427 2447 507 2510 adeo
522 2449 608 2510 auxit
625 2454 660 2510 ut
680 2452 711 2510 et
732 2448 801 2527 ipse
817 2447 1000 2527 diligentius
1014 2447 1174 2508 clarorum

17 2543 154 2614 uirorum
178 2553 318 2614 carmina
346 2553 379 2614 in
400 2555 534 2616 latinum
554 2555 722 2617 transferre
736 2553 882 2617 valuerit.
901 2552 1023 2615 Deinde
1039 2551 1173 2615 disserui

18 2658 85 2737 quis
110 2657 151 2721 sit
171 2662 344 2742 quantique
365 2662 481 2726 debeat
506 2664 668 2741 aestimari,
690 2665 778 2740 dum,
800 2669 837 2726 ut
854 2664 992 2743 singulas
1004 2663 1174 2725 verborum
1227 2646 1230 2650 “

18 2783 189 2848 rerumque
210 2769 374 2832 varietates
402 2771 569 2850 exprimat,
587 2771 718 2846 enititur
741 2790 749 2832 τ
772 2770 799 2832 si
820 2787 970 2850 magnum
985 2772 1172 2848 Homerum,

18 2879 85 2936 tum
100 2875 281 2954 copiatum
293 2875 446 2939 brevitate
461 2877 649 2954 mirabilem,
665 2879 833 2953 convertit,
855 2884 1020 2942 enervatus
1032 2879 1171 2958 languet3

16 2981 41 3041 si
55 2982 258 3062 Sophoclem,
272 3001 345 3046 vere
366 2990 461 3063 poeta
476 2984 576 3046 Graiae
592 2986 737 3048 Camenae
749 2987 872 3048 afflatus
887 2986 1014 3066 spiritu3
1034 2986 1061 3046 si
1078 2985 1169 3048 deni·

16 3102 76 3166 que
87 3088 229 3164 Aratum,
246 3089 441 3152 versificator
456 3089 626 3170 aliquoties
640 3091 854 3171 peritissimus
868 3089 982 3154 merito
993 3091 1168 3171 judicatur.

16 3227 52 3239 -
62 3195 177 3258 Postea
185 3196 279 3259 docui
290 3201 445 3276 quatenus
454 3204 557 3277 poetae
565 3205 686 3262 veteres
701 3199 818 3261 aLivio
827 3200 973 3280 usquead
985 3197 1171 3262 Ciceronem

15 3324 71 3386 per
82 3309 264 3370 Graecorum
283 3308 561 3387 interpretationes
585 3309 618 3369 in
633 3307 787 3371 iaciendis
802 3306 944 3370 versibus
965 3307 1169 3387 profecerint,

14 3414 174 3490 quomodo
198 3412 316 3473 Tullius
338 3400 417 3492 ipse,
447 3413 612 3477 Lucretius
637 3413 754 3492 aliique
773 3413 965 3475 muniverint
987 3402 1069 3490 iter,
1083 3416 1169 3492 quod

13 3526 125 3600 sponte
138 3520 268 3601 ingressi
288 3521 375 3583 Maro
394 3528 426 3585 et
445 3523 603 3599 Horatius,
628 3520 759 3601 proprio
774 3521 892 3601 ingenii
910 3523 1017 3584 colore
1033 3527 1167 3599 servato,

12 3644 192 3708 quanquam
219 3630 345 3691 Graecos
369 3630 487 3692 suerint
518 3630 644 3706 imitati,
673 3631 854 3694 sermonem
878 3628 1017 3709 patrium
1039 3647 1169 3710 remque

12 3735 177 3798 metricam
201 3737 241 3799 ad
270 3755 427 3800 summam
457 3739 618 3802 adduxere
641 3738 884 3819 perlectionem.
909 3735 1011 3800 Simul
1024 3738 1111 3799 baud
1122 3737 1170 3800 in·

11 3846 209 3926 tempestive,
227 3852 262 3909 ut
277 3849 402 3926 opinor,
419 3865 437 3908 a
454 3866 505 3910 me
520 3849 689 3927 quaesitum
713 3852 761 3909 est
774 3865 846 3927 quae
862 3846 903 3908 sit
917 3847 1017 3926 origo,
1035 3864 1104 3925 quae
1115 3864 1170 3907 ua·

10 3959 80 4017 tura
93 3954 265 4034 prosodiae,
282 3957 367 4017 unde
383 3955 502 4018 iactum
516 3953 611 4016 suerit
624 3960 660 4017 ut
674 3952 856 4033 prosodiam
871 3951 982 4016 vicerit
1005 3958 1165 4029 accentus,

10 4059 171 4141 hodieque
185 4048 250 4124 iere
265 4064 350 4125 solus
364 4063 396 4124 in
412 4062 641 4125 recentioribus
653 4061 770 4141 linguis
786 4060 979 4123 dominetur.

48 4165 85 4226 lu
104 4167 275 4245 posteriori
300 4172 389 4247 parte
406 4167 486 4255 baejc,
517 4181 589 4244 quae
616 4165 712 4244 paulo
739 4163 869 4225 inferius
887 4163 1050 4241 leguntur,
1076 4178 1169 4240 argu·

10 4274 136 4351 mentis,
152 4279 187 4337 ut
208 4280 297 4356 puto,
314 4273 432 4337 docui:
456 4274 595 4353 primum
618 4272 814 4347 Ciceronem,
839 4270 1102 4351 pbilosophorum
1118 4268 1169 4330 in·
