<?xml version="1.0" encoding="UTF-8"?>
<!DOCTYPE html PUBLIC "-//W3C//DTD XHTML 1.0 Transitional//EN"
    "http://www.w3.org/TR/xhtml1/DTD/xhtml1-transitional.dtd">
<html xmlns="http://www.w3.org/1999/xhtml" xml:lang="en" lang="en">
 <head>
  <title>
</title>
<meta http-equiv="Content-Type" content="text/html;charset=utf-8" />
  <meta name='ocr-system' content='tesseract 3.04.00' />
  <meta name='ocr-capabilities' content='ocr_page ocr_carea ocr_par ocr_line ocrx_word'/>
</head>
<body>
  <div class='ocr_page' id='page_1' title='image "./demtciceronegrc00clavgoog_0166.png"; bbox 0 0 2790 4770; ppageno 0'>
   <div class='ocr_carea' id='block_1_1' title="bbox 105 220 1264 769">
    <p class='ocr_par' dir='ltr' id='par_1_1' title="bbox 105 220 1264 769">
     <span class='ocr_line' id='line_1_1' title="bbox 588 220 799 284; baseline 0.009 -2"><span class='ocrx_word' id='word_1_1' title='bbox 588 252 633 266; x_wconf 94' lang='lat'>—</span> <span class='ocrx_word' id='word_1_2' title='bbox 659 220 719 283; x_wconf 88' lang='grc'><strong>135</strong></span> <span class='ocrx_word' id='word_1_3' title='bbox 743 252 799 284; x_wconf 75' lang='grc'><strong>-,</strong></span> 
     </span>
     <span class='ocr_line' id='line_1_2' title="bbox 105 355 1263 431; baseline -0.003 -16"><span class='ocrx_word' id='word_1_4' title='bbox 105 366 198 419; x_wconf 90' lang='lat' dir='ltr'><strong>uetur.</strong></span> <span class='ocrx_word' id='word_1_5' title='bbox 219 360 260 415; x_wconf 84' lang='lat' dir='ltr'><strong>Ex</strong></span> <span class='ocrx_word' id='word_1_6' title='bbox 284 374 340 431; x_wconf 90' lang='lat' dir='ltr'><strong>quo</strong></span> <span class='ocrx_word' id='word_1_7' title='bbox 362 357 482 417; x_wconf 79' lang='lat' dir='ltr'><strong>elicitur</strong></span> <span class='ocrx_word' id='word_1_8' title='bbox 501 366 533 416; x_wconf 94' lang='lat' dir='ltr'><strong>ut</strong></span> <span class='ocrx_word' id='word_1_9' title='bbox 553 358 590 416; x_wconf 89' lang='lat' dir='ltr'><strong>sit</strong></span> <span class='ocrx_word' id='word_1_10' title='bbox 606 375 719 416; x_wconf 81' lang='lat' dir='ltr'><strong>neccsse</strong></span> <span class='ocrx_word' id='word_1_11' title='bbox 738 358 824 429; x_wconf 88' lang='lat' dir='ltr'><strong>bunc,</strong></span> <span class='ocrx_word' id='word_1_12' title='bbox 844 372 927 430; x_wconf 89' lang='lat' dir='ltr'><strong>quem</strong></span> <span class='ocrx_word' id='word_1_13' title='bbox 950 356 1090 414; x_wconf 82' lang='lat' dir='ltr'><strong>cernimus</strong></span> <span class='ocrx_word' id='word_1_14' title='bbox 1106 355 1263 425; x_wconf 81' lang='lat' dir='ltr'><strong>muudum,</strong></span> 
     </span>
     <span class='ocr_line' id='line_1_3' title="bbox 105 474 1263 549; baseline -0.001 -19"><span class='ocrx_word' id='word_1_15' title='bbox 105 475 287 532; x_wconf 80' lang='lat' dir='ltr'><strong>simulacrum</strong></span> <span class='ocrx_word' id='word_1_16' title='bbox 301 491 361 532; x_wconf 91' lang='lat' dir='ltr'><strong>esse</strong></span> <span class='ocrx_word' id='word_1_17' title='bbox 375 476 492 549; x_wconf 75' lang='lat' dir='ltr'><strong>alicuius</strong></span> <span class='ocrx_word' id='word_1_18' title='bbox 504 477 613 535; x_wconf 79' lang='lat' dir='ltr'><strong>teterni.</strong></span> <span class='ocrx_word' id='word_1_19' title='bbox 628 476 832 533; x_wconf 90' lang='lat' dir='ltr'><strong>Dillicillimum</strong></span> <span class='ocrx_word' id='word_1_20' title='bbox 850 484 943 533; x_wconf 92' lang='lat' dir='ltr'><strong>autem</strong></span> <span class='ocrx_word' id='word_1_21' title='bbox 958 484 1000 531; x_wconf 88' lang='lat' dir='ltr'><strong>est</strong></span> <span class='ocrx_word' id='word_1_22' title='bbox 1014 474 1131 532; x_wconf 91' lang='lat' dir='ltr'><strong>inomni</strong></span> <span class='ocrx_word' id='word_1_23' title='bbox 1147 474 1263 547; x_wconf 91' lang='lat' dir='ltr'><strong>conqui-</strong></span> 
     </span>
     <span class='ocr_line' id='line_1_4' title="bbox 105 589 1264 668; baseline -0.001 -20"><span class='ocrx_word' id='word_1_24' title='bbox 105 592 206 649; x_wconf 80' lang='lat' dir='ltr'><strong>sitione</strong></span> <span class='ocrx_word' id='word_1_25' title='bbox 219 593 336 650; x_wconf 86' lang='lat' dir='ltr'><strong>rationis</strong></span> <span class='ocrx_word' id='word_1_26' title='bbox 356 594 511 652; x_wconf 83' lang='lat' dir='ltr'><strong>exordium.</strong></span> <span class='ocrx_word' id='word_1_27' title='bbox 530 597 574 651; x_wconf 87' lang='lat' dir='ltr'><strong>De</strong></span> <span class='ocrx_word' id='word_1_28' title='bbox 595 593 628 651; x_wconf 91' lang='lat' dir='ltr'><strong>iis</strong></span> <span class='ocrx_word' id='word_1_29' title='bbox 643 594 737 668; x_wconf 85' lang='lat' dir='ltr'><strong>igitur,</strong></span> <span class='ocrx_word' id='word_1_30' title='bbox 760 609 821 666; x_wconf 89' lang='lat' dir='ltr'><strong>quae</strong></span> <span class='ocrx_word' id='word_1_31' title='bbox 835 593 967 659; x_wconf 84' lang='lat' dir='ltr'><strong>diximus,</strong></span> <span class='ocrx_word' id='word_1_32' title='bbox 981 591 1040 650; x_wconf 84' lang='lat' dir='ltr'><strong>hacc</strong></span> <span class='ocrx_word' id='word_1_33' title='bbox 1055 591 1092 648; x_wconf 91' lang='lat' dir='ltr'><strong>sit</strong></span> <span class='ocrx_word' id='word_1_34' title='bbox 1104 591 1193 664; x_wconf 88' lang='lat' dir='ltr'><strong>prima</strong></span> <span class='ocrx_word' id='word_1_35' title='bbox 1208 589 1264 647; x_wconf 91' lang='lat' dir='ltr'><strong>dis-</strong></span> 
     </span>
     <span class='ocr_line' id='line_1_5' title="bbox 107 711 219 769; baseline 0.009 -1"><span class='ocrx_word' id='word_1_36' title='bbox 107 711 219 769; x_wconf 91' lang='lat' dir='ltr'><strong>tinctio.</strong></span> 
     </span>
    </p>
   </div>
   <div class='ocr_carea' id='block_1_2' title="bbox 89 855 1265 3866">
    <p class='ocr_par' dir='ltr' id='par_1_2' title="bbox 89 855 1265 2285">
     <span class='ocr_line' id='line_1_6' title="bbox 89 855 1265 931; baseline 0 -20"><span class='ocrx_word' id='word_1_37' title='bbox 89 895 91 899; x_wconf 68' lang='lat'><strong>,</strong></span> <span class='ocrx_word' id='word_1_38' title='bbox 141 857 194 912; x_wconf 92' lang='lat' dir='ltr'><strong>lll.</strong></span> <span class='ocrx_word' id='word_1_39' title='bbox 210 858 244 912; x_wconf 91' lang='lat' dir='ltr'><strong>lu</strong></span> <span class='ocrx_word' id='word_1_40' title='bbox 256 856 334 914; x_wconf 90' lang='lat' dir='ltr'><strong>omni</strong></span> <span class='ocrx_word' id='word_1_41' title='bbox 349 856 475 915; x_wconf 86' lang='lat' dir='ltr'><strong>oratione</strong></span> <span class='ocrx_word' id='word_1_42' title='bbox 488 872 552 914; x_wconf 88' lang='lat' dir='ltr'><strong>cum</strong></span> <span class='ocrx_word' id='word_1_43' title='bbox 577 857 613 915; x_wconf 87' lang='lat' dir='ltr'><strong>iis</strong></span> <span class='ocrx_word' id='word_1_44' title='bbox 633 857 728 927; x_wconf 85' lang='lat' dir='ltr'><strong>rebus,</strong></span> <span class='ocrx_word' id='word_1_45' title='bbox 747 856 900 931; x_wconf 87' lang='lat' dir='ltr'><strong>dequibus</strong></span> <span class='ocrx_word' id='word_1_46' title='bbox 919 856 1048 931; x_wconf 81' lang='lat' dir='ltr'><strong>explicat,</strong></span> <span class='ocrx_word' id='word_1_47' title='bbox 1071 855 1182 914; x_wconf 85' lang='lat' dir='ltr'><strong>videtur</strong></span> <span class='ocrx_word' id='word_1_48' title='bbox 1203 871 1265 912; x_wconf 89' lang='lat' dir='ltr'><strong>esse</strong></span> 
     </span>
     <span class='ocr_line' id='line_1_7' title="bbox 103 989 1265 1065; baseline 0.003 -20"><span class='ocrx_word' id='word_1_49' title='bbox 103 989 243 1064; x_wconf 88' lang='lat' dir='ltr'><strong>cognatio.</strong></span> <span class='ocrx_word' id='word_1_50' title='bbox 260 993 356 1064; x_wconf 87' lang='lat' dir='ltr'><strong>ltaque</strong></span> <span class='ocrx_word' id='word_1_51' title='bbox 367 1006 454 1064; x_wconf 93' lang='lat' dir='ltr'><strong>quum</strong></span> <span class='ocrx_word' id='word_1_52' title='bbox 468 991 501 1048; x_wconf 87' lang='lat' dir='ltr'><strong>de</strong></span> <span class='ocrx_word' id='word_1_53' title='bbox 514 1007 545 1048; x_wconf 92' lang='lat' dir='ltr'><strong>re</strong></span> <span class='ocrx_word' id='word_1_54' title='bbox 560 990 694 1050; x_wconf 89' lang='lat' dir='ltr'><strong>stabiliet</strong></span> <span class='ocrx_word' id='word_1_55' title='bbox 707 991 874 1050; x_wconf 83' lang='lat' dir='ltr'><strong>immutabili</strong></span> <span class='ocrx_word' id='word_1_56' title='bbox 889 992 1022 1065; x_wconf 89' lang='lat' dir='ltr'><strong>disputat,</strong></span> <span class='ocrx_word' id='word_1_57' title='bbox 1036 992 1126 1049; x_wconf 89' lang='lat' dir='ltr'><strong>oratio</strong></span> <span class='ocrx_word' id='word_1_58' title='bbox 1140 990 1205 1048; x_wconf 88' lang='lat' dir='ltr'><strong>talis</strong></span> <span class='ocrx_word' id='word_1_59' title='bbox 1216 992 1265 1062; x_wconf 90' lang='lat' dir='ltr'><strong>sit,</strong></span> 
     </span>
     <span class='ocr_line' id='line_1_8' title="bbox 103 1124 1264 1202; baseline 0.004 -21"><span class='ocrx_word' id='word_1_60' title='bbox 103 1124 194 1198; x_wconf 93' lang='lat' dir='ltr'><strong>qualis</strong></span> <span class='ocrx_word' id='word_1_61' title='bbox 210 1125 273 1194; x_wconf 90' lang='lat' dir='ltr'><strong>illa,</strong></span> <span class='ocrx_word' id='word_1_62' title='bbox 292 1143 353 1200; x_wconf 90' lang='lat' dir='ltr'><strong>quae</strong></span> <span class='ocrx_word' id='word_1_63' title='bbox 368 1143 458 1200; x_wconf 89' lang='lat' dir='ltr'><strong>neque</strong></span> <span class='ocrx_word' id='word_1_64' title='bbox 474 1127 602 1200; x_wconf 81' lang='lat' dir='ltr'><strong>redargui</strong></span> <span class='ocrx_word' id='word_1_65' title='bbox 620 1143 710 1201; x_wconf 90' lang='lat' dir='ltr'><strong>neque</strong></span> <span class='ocrx_word' id='word_1_66' title='bbox 728 1128 854 1186; x_wconf 88' lang='lat' dir='ltr'><strong>convinci</strong></span> <span class='ocrx_word' id='word_1_67' title='bbox 874 1137 974 1202; x_wconf 89' lang='lat' dir='ltr'><strong>potest.</strong></span> <span class='ocrx_word' id='word_1_68' title='bbox 993 1132 1087 1201; x_wconf 85' lang='lat' dir='ltr'><strong>Quum</strong></span> <span class='ocrx_word' id='word_1_69' title='bbox 1107 1136 1201 1186; x_wconf 89' lang='lat' dir='ltr'><strong>autem</strong></span> <span class='ocrx_word' id='word_1_70' title='bbox 1220 1129 1264 1186; x_wconf 92' lang='lat' dir='ltr'><strong>iu·</strong></span> 
     </span>
     <span class='ocr_line' id='line_1_9' title="bbox 102 1259 1265 1339; baseline 0.005 -24"><span class='ocrx_word' id='word_1_71' title='bbox 102 1274 199 1332; x_wconf 88' lang='lat' dir='ltr'><strong>gressa</strong></span> <span class='ocrx_word' id='word_1_72' title='bbox 209 1267 253 1317; x_wconf 90' lang='lat' dir='ltr'><strong>est</strong></span> <span class='ocrx_word' id='word_1_73' title='bbox 264 1259 372 1318; x_wconf 89' lang='lat' dir='ltr'><strong>imitata</strong></span> <span class='ocrx_word' id='word_1_74' title='bbox 384 1269 412 1318; x_wconf 90' lang='lat' dir='ltr'><strong>et</strong></span> <span class='ocrx_word' id='word_1_75' title='bbox 422 1261 514 1319; x_wconf 86' lang='lat' dir='ltr'><strong>eiliota</strong></span> <span class='ocrx_word' id='word_1_76' title='bbox 526 1264 688 1336; x_wconf 90' lang='lat' dir='ltr'><strong>simulacra,</strong></span> <span class='ocrx_word' id='word_1_77' title='bbox 700 1264 769 1321; x_wconf 89' lang='lat' dir='ltr'><strong>bene</strong></span> <span class='ocrx_word' id='word_1_78' title='bbox 782 1265 826 1338; x_wconf 88' lang='lat' dir='ltr'><strong>agl</strong></span> <span class='ocrx_word' id='word_1_79' title='bbox 840 1272 929 1339; x_wconf 89' lang='lat' dir='ltr'><strong>putat,</strong></span> <span class='ocrx_word' id='word_1_80' title='bbox 941 1264 963 1321; x_wconf 94' lang='lat' dir='ltr'><strong>si</strong></span> <span class='ocrx_word' id='word_1_81' title='bbox 980 1264 1191 1322; x_wconf 89' lang='lat' dir='ltr'><strong>similitudinem</strong></span> <span class='ocrx_word' id='word_1_82' title='bbox 1208 1265 1265 1322; x_wconf 89' lang='lat' dir='ltr'><strong>veri</strong></span> 
     </span>
     <span class='ocr_line' id='line_1_10' title="bbox 101 1396 1264 1471; baseline 0.009 -23"><span class='ocrx_word' id='word_1_83' title='bbox 101 1402 299 1466; x_wconf 81' lang='lat' dir='ltr'><strong>consequatur.</strong></span> <span class='ocrx_word' id='word_1_84' title='bbox 312 1399 454 1470; x_wconf 88' lang='lat' dir='ltr'><strong>Quantum</strong></span> <span class='ocrx_word' id='word_1_85' title='bbox 466 1398 541 1455; x_wconf 85' lang='lat' dir='ltr'><strong>eninr</strong></span> <span class='ocrx_word' id='word_1_86' title='bbox 551 1396 587 1454; x_wconf 91' lang='lat' dir='ltr'><strong>ad</strong></span> <span class='ocrx_word' id='word_1_87' title='bbox 599 1397 638 1467; x_wconf 90' lang='lat' dir='ltr'><strong>id,</strong></span> <span class='ocrx_word' id='word_1_88' title='bbox 650 1397 726 1471; x_wconf 92' lang='lat' dir='ltr'><strong>quod</strong></span> <span class='ocrx_word' id='word_1_89' title='bbox 737 1407 829 1455; x_wconf 93' lang='lat' dir='ltr'><strong>ortum</strong></span> <span class='ocrx_word' id='word_1_90' title='bbox 842 1406 895 1467; x_wconf 86' lang='lat' dir='ltr'><strong>est,</strong></span> <span class='ocrx_word' id='word_1_91' title='bbox 907 1398 1048 1456; x_wconf 85' lang='lat' dir='ltr'><strong>aeternitas</strong></span> <span class='ocrx_word' id='word_1_92' title='bbox 1059 1400 1142 1471; x_wconf 89' lang='lat' dir='ltr'><strong>valet,</strong></span> <span class='ocrx_word' id='word_1_93' title='bbox 1153 1407 1264 1458; x_wconf 86' lang='lat' dir='ltr'><strong>tantum</strong></span> 
     </span>
     <span class='ocr_line' id='line_1_11' title="bbox 101 1526 1263 1607; baseline 0.006 -23"><span class='ocrx_word' id='word_1_94' title='bbox 101 1526 137 1584; x_wconf 91' lang='lat' dir='ltr'><strong>ad</strong></span> <span class='ocrx_word' id='word_1_95' title='bbox 149 1527 233 1586; x_wconf 86' lang='lat' dir='ltr'><strong>iidem</strong></span> <span class='ocrx_word' id='word_1_96' title='bbox 245 1529 355 1586; x_wconf 83' lang='lat' dir='ltr'><strong>veritas.</strong></span> <span class='ocrx_word' id='word_1_97' title='bbox 369 1531 516 1603; x_wconf 82' lang='lat' dir='ltr'><strong>Quocirca,</strong></span> <span class='ocrx_word' id='word_1_98' title='bbox 529 1531 553 1589; x_wconf 91' lang='lat' dir='ltr'><strong>si</strong></span> <span class='ocrx_word' id='word_1_99' title='bbox 563 1529 640 1590; x_wconf 82' lang='lat' dir='ltr'><strong>forte</strong></span> <span class='ocrx_word' id='word_1_100' title='bbox 651 1533 818 1590; x_wconf 90' lang='lat' dir='ltr'><strong>deDeorum</strong></span> <span class='ocrx_word' id='word_1_101' title='bbox 825 1540 924 1590; x_wconf 90' lang='lat' dir='ltr'><strong>natura</strong></span> <span class='ocrx_word' id='word_1_102' title='bbox 938 1541 1056 1607; x_wconf 90' lang='lat' dir='ltr'><strong>ortuque</strong></span> <span class='ocrx_word' id='word_1_103' title='bbox 1065 1533 1163 1591; x_wconf 89' lang='lat' dir='ltr'><strong>mundi</strong></span> <span class='ocrx_word' id='word_1_104' title='bbox 1175 1533 1263 1591; x_wconf 89' lang='lat' dir='ltr'><strong>disse·</strong></span> 
     </span>
     <span class='ocr_line' id='line_1_12' title="bbox 101 1664 1264 1742; baseline 0.003 -20"><span class='ocrx_word' id='word_1_105' title='bbox 101 1671 210 1735; x_wconf 82' lang='lat' dir='ltr'><strong>rentes,</strong></span> <span class='ocrx_word' id='word_1_106' title='bbox 228 1665 321 1721; x_wconf 91' lang='lat' dir='ltr'><strong>minus</strong></span> <span class='ocrx_word' id='word_1_107' title='bbox 339 1664 384 1734; x_wconf 90' lang='lat' dir='ltr'><strong>id,</strong></span> <span class='ocrx_word' id='word_1_108' title='bbox 401 1667 474 1740; x_wconf 92' lang='lat' dir='ltr'><strong>quod</strong></span> <span class='ocrx_word' id='word_1_109' title='bbox 487 1666 623 1725; x_wconf 91' lang='lat' dir='ltr'><strong>babemus</strong></span> <span class='ocrx_word' id='word_1_110' title='bbox 634 1670 742 1736; x_wconf 87' lang='lat' dir='ltr'><strong>animo,</strong></span> <span class='ocrx_word' id='word_1_111' title='bbox 755 1669 967 1742; x_wconf 86' lang='lat' dir='ltr'><strong>consequimur,</strong></span> <span class='ocrx_word' id='word_1_112' title='bbox 988 1677 1019 1726; x_wconf 89' lang='lat' dir='ltr'><strong>ut</strong></span> <span class='ocrx_word' id='word_1_113' title='bbox 1030 1677 1089 1725; x_wconf 93' lang='lat' dir='ltr'><strong>tota</strong></span> <span class='ocrx_word' id='word_1_114' title='bbox 1103 1668 1223 1726; x_wconf 90' lang='lat' dir='ltr'><strong>dilucide</strong></span> <span class='ocrx_word' id='word_1_115' title='bbox 1236 1679 1264 1726; x_wconf 90' lang='lat' dir='ltr'><strong>et</strong></span> 
     </span>
     <span class='ocr_line' id='line_1_13' title="bbox 99 1801 1260 1876; baseline 0.003 -20"><span class='ocrx_word' id='word_1_116' title='bbox 99 1801 182 1875; x_wconf 88' lang='lat' dir='ltr'><strong>plane</strong></span> <span class='ocrx_word' id='word_1_117' title='bbox 193 1809 325 1859; x_wconf 86' lang='lat' dir='ltr'><strong>exornata</strong></span> <span class='ocrx_word' id='word_1_118' title='bbox 338 1801 427 1859; x_wconf 90' lang='lat' dir='ltr'><strong>oratio</strong></span> <span class='ocrx_word' id='word_1_119' title='bbox 439 1801 490 1859; x_wconf 92' lang='lat' dir='ltr'><strong>sibi</strong></span> <span class='ocrx_word' id='word_1_120' title='bbox 501 1810 626 1873; x_wconf 87' lang='lat' dir='ltr'><strong>constet,</strong></span> <span class='ocrx_word' id='word_1_121' title='bbox 638 1811 667 1860; x_wconf 88' lang='lat' dir='ltr'><strong>ot</strong></span> <span class='ocrx_word' id='word_1_122' title='bbox 677 1819 711 1861; x_wconf 83' lang='lat' dir='ltr'><strong>ex</strong></span> <span class='ocrx_word' id='word_1_123' title='bbox 723 1804 800 1860; x_wconf 89' lang='lat' dir='ltr'><strong>omni</strong></span> <span class='ocrx_word' id='word_1_124' title='bbox 813 1812 892 1876; x_wconf 91' lang='lat' dir='ltr'><strong>parte</strong></span> <span class='ocrx_word' id='word_1_125' title='bbox 904 1819 999 1861; x_wconf 90' lang='lat' dir='ltr'><strong>secum</strong></span> <span class='ocrx_word' id='word_1_126' title='bbox 1011 1803 1070 1876; x_wconf 89' lang='lat' dir='ltr'><strong>ipsa</strong></span> <span class='ocrx_word' id='word_1_127' title='bbox 1087 1803 1260 1874; x_wconf 89' lang='lat' dir='ltr'><strong>consentiat,</strong></span> 
     </span>
     <span class='ocr_line' id='line_1_14' title="bbox 99 1915 1260 2012; baseline 0.001 -18"><span class='ocrx_word' id='word_1_128' title='bbox 99 1937 174 1994; x_wconf 90' lang='lat' dir='ltr'><strong>baud</strong></span> <span class='ocrx_word' id='word_1_129' title='bbox 193 1952 260 1996; x_wconf 91' lang='lat' dir='ltr'><strong>sane</strong></span> <span class='ocrx_word' id='word_1_130' title='bbox 275 1939 328 1995; x_wconf 89' lang='lat' dir='ltr'><strong>erit</strong></span> <span class='ocrx_word' id='word_1_131' title='bbox 345 1915 655 2012; x_wconf 56' lang='lat' dir='ltr'><strong>mirumqoontentique</strong></span> <span class='ocrx_word' id='word_1_132' title='bbox 671 1955 731 1996; x_wconf 90' lang='lat' dir='ltr'><strong>esse</strong></span> <span class='ocrx_word' id='word_1_133' title='bbox 743 1938 887 2009; x_wconf 89' lang='lat' dir='ltr'><strong>debebitis,</strong></span> <span class='ocrx_word' id='word_1_134' title='bbox 899 1940 922 1996; x_wconf 94' lang='lat' dir='ltr'><strong>si</strong></span> <span class='ocrx_word' id='word_1_135' title='bbox 940 1938 1093 2012; x_wconf 78' lang='lat' dir='ltr'><strong>probabilia</strong></span> <span class='ocrx_word' id='word_1_136' title='bbox 1112 1939 1260 1996; x_wconf 86' lang='lat' dir='ltr'><strong>dicentur:</strong></span> 
     </span>
     <span class='ocr_line' id='line_1_15' title="bbox 97 2074 1259 2149; baseline 0.002 -18"><span class='ocrx_word' id='word_1_137' title='bbox 97 2089 211 2146; x_wconf 77' lang='lat' dir='ltr'><strong>aequum</strong></span> <span class='ocrx_word' id='word_1_138' title='bbox 224 2081 267 2131; x_wconf 91' lang='lat' dir='ltr'><strong>est</strong></span> <span class='ocrx_word' id='word_1_139' title='bbox 280 2074 355 2131; x_wconf 89' lang='lat' dir='ltr'><strong>enim</strong></span> <span class='ocrx_word' id='word_1_140' title='bbox 368 2074 529 2132; x_wconf 86' lang='lat' dir='ltr'><strong>meminisse</strong></span> <span class='ocrx_word' id='word_1_141' title='bbox 541 2084 570 2134; x_wconf 88' lang='lat' dir='ltr'><strong>et</strong></span> <span class='ocrx_word' id='word_1_142' title='bbox 583 2091 641 2145; x_wconf 89' lang='lat' dir='ltr'><strong>me,</strong></span> <span class='ocrx_word' id='word_1_143' title='bbox 650 2075 698 2149; x_wconf 91' lang='lat' dir='ltr'><strong>qui</strong></span> <span class='ocrx_word' id='word_1_144' title='bbox 708 2075 855 2147; x_wconf 75' lang='lat' dir='ltr'><strong>disseram,</strong></span> <span class='ocrx_word' id='word_1_145' title='bbox 867 2075 1011 2136; x_wconf 90' lang='lat' dir='ltr'><strong>bominem</strong></span> <span class='ocrx_word' id='word_1_146' title='bbox 1026 2093 1093 2148; x_wconf 91' lang='lat' dir='ltr'><strong>esse,</strong></span> <span class='ocrx_word' id='word_1_147' title='bbox 1110 2080 1138 2135; x_wconf 90' lang='lat' dir='ltr'><strong>et</strong></span> <span class='ocrx_word' id='word_1_148' title='bbox 1151 2092 1198 2134; x_wconf 88' lang='lat' dir='ltr'><strong>vos</strong></span> <span class='ocrx_word' id='word_1_149' title='bbox 1212 2076 1259 2149; x_wconf 92' lang='lat' dir='ltr'><strong>qui</strong></span> 
     </span>
     <span class='ocr_line' id='line_1_16' title="bbox 92 2207 967 2285; baseline 0.003 -21"><span class='ocrx_word' id='word_1_150' title='bbox 92 2207 240 2279; x_wconf 85' lang='lat' dir='ltr'><strong>judicetis;</strong></span> <span class='ocrx_word' id='word_1_151' title='bbox 252 2213 295 2279; x_wconf 90' lang='lat' dir='ltr'><strong>ut,</strong></span> <span class='ocrx_word' id='word_1_152' title='bbox 311 2209 333 2266; x_wconf 92' lang='lat' dir='ltr'><strong>si</strong></span> <span class='ocrx_word' id='word_1_153' title='bbox 344 2208 498 2281; x_wconf 88' lang='lat' dir='ltr'><strong>probabilia</strong></span> <span class='ocrx_word' id='word_1_154' title='bbox 511 2209 648 2280; x_wconf 91' lang='lat' dir='ltr'><strong>dicentur,</strong></span> <span class='ocrx_word' id='word_1_155' title='bbox 664 2210 703 2266; x_wconf 91' lang='lat' dir='ltr'><strong>nil</strong></span> <span class='ocrx_word' id='word_1_156' title='bbox 722 2210 794 2267; x_wconf 92' lang='lat' dir='ltr'><strong>ultra</strong></span> <span class='ocrx_word' id='word_1_157' title='bbox 808 2211 967 2285; x_wconf 89' lang='lat' dir='ltr'><strong>requiratis.</strong></span> 
     </span>
    </p>

    <p class='ocr_par' dir='ltr' id='par_1_3' title="bbox 90 2340 1260 3866">
     <span class='ocr_line' id='line_1_17' title="bbox 132 2340 1260 2427; baseline 0.005 -20"><span class='ocrx_word' id='word_1_158' title='bbox 132 2350 301 2421; x_wconf 77' lang='lat' dir='ltr'><strong>Quaeramus</strong></span> <span class='ocrx_word' id='word_1_159' title='bbox 312 2349 396 2422; x_wconf 90' lang='lat' dir='ltr'><strong>igitur</strong></span> <span class='ocrx_word' id='word_1_160' title='bbox 410 2340 535 2419; x_wconf 83' lang='lat' dir='ltr'><strong>causam,</strong></span> <span class='ocrx_word' id='word_1_161' title='bbox 547 2368 683 2424; x_wconf 87' lang='lat' dir='ltr'><strong>quaecum</strong></span> <span class='ocrx_word' id='word_1_162' title='bbox 696 2352 837 2426; x_wconf 88' lang='lat' dir='ltr'><strong>impulerit</strong></span> <span class='ocrx_word' id='word_1_163' title='bbox 848 2353 894 2427; x_wconf 91' lang='lat' dir='ltr'><strong>qui</strong></span> <span class='ocrx_word' id='word_1_164' title='bbox 906 2353 967 2411; x_wconf 85' lang='lat' dir='ltr'><strong>baec</strong></span> <span class='ocrx_word' id='word_1_165' title='bbox 977 2353 1154 2411; x_wconf 87' lang='lat' dir='ltr'><strong>machinatus</strong></span> <span class='ocrx_word' id='word_1_166' title='bbox 1166 2354 1213 2426; x_wconf 90' lang='lat' dir='ltr'><strong>sit,</strong></span> <span class='ocrx_word' id='word_1_167' title='bbox 1228 2364 1260 2413; x_wconf 88' lang='lat' dir='ltr'><strong>ut</strong></span> 
     </span>
     <span class='ocr_line' id='line_1_18' title="bbox 96 2495 1258 2572; baseline 0.003 -21"><span class='ocrx_word' id='word_1_168' title='bbox 96 2495 233 2569; x_wconf 81' lang='lat' dir='ltr'><strong>originem</strong></span> <span class='ocrx_word' id='word_1_169' title='bbox 243 2511 337 2552; x_wconf 82' lang='lat' dir='ltr'><strong>rerum</strong></span> <span class='ocrx_word' id='word_1_170' title='bbox 355 2503 383 2553; x_wconf 92' lang='lat' dir='ltr'><strong>ot</strong></span> <span class='ocrx_word' id='word_1_171' title='bbox 394 2495 566 2553; x_wconf 91' lang='lat' dir='ltr'><strong>molitionem</strong></span> <span class='ocrx_word' id='word_1_172' title='bbox 577 2512 679 2554; x_wconf 88' lang='lat' dir='ltr'><strong>novam</strong></span> <span class='ocrx_word' id='word_1_173' title='bbox 689 2505 835 2570; x_wconf 78' lang='lat' dir='ltr'><strong>quaereret.</strong></span> <span class='ocrx_word' id='word_1_174' title='bbox 843 2497 986 2556; x_wconf 87' lang='lat' dir='ltr'><strong>Probitate</strong></span> <span class='ocrx_word' id='word_1_175' title='bbox 997 2498 1126 2556; x_wconf 88' lang='lat' dir='ltr'><strong>videlicet</strong></span> <span class='ocrx_word' id='word_1_176' title='bbox 1142 2508 1258 2572; x_wconf 71' lang='lat' dir='ltr'><strong>praesta·-</strong></span> 
     </span>
     <span class='ocr_line' id='line_1_19' title="bbox 96 2611 1256 2720; baseline 0.003 -21"><span class='ocrx_word' id='word_1_177' title='bbox 96 2641 160 2713; x_wconf 81' lang='lat' dir='ltr'><strong>bat3</strong></span> <span class='ocrx_word' id='word_1_178' title='bbox 174 2641 279 2716; x_wconf 87' lang='lat' dir='ltr'><strong>probus</strong></span> <span class='ocrx_word' id='word_1_179' title='bbox 291 2649 385 2700; x_wconf 93' lang='lat' dir='ltr'><strong>autem</strong></span> <span class='ocrx_word' id='word_1_180' title='bbox 398 2641 503 2699; x_wconf 85' lang='lat' dir='ltr'><strong>invidet</strong></span> <span class='ocrx_word' id='word_1_181' title='bbox 514 2641 628 2699; x_wconf 88' lang='lat' dir='ltr'><strong>nemini.</strong></span> <span class='ocrx_word' id='word_1_182' title='bbox 650 2611 747 2717; x_wconf 90' lang='lat' dir='ltr'><strong>ltaque</strong></span> <span class='ocrx_word' id='word_1_183' title='bbox 761 2643 855 2700; x_wconf 88' lang='lat' dir='ltr'><strong>omnia</strong></span> <span class='ocrx_word' id='word_1_184' title='bbox 872 2645 914 2701; x_wconf 91' lang='lat' dir='ltr'><strong>sui</strong></span> <span class='ocrx_word' id='word_1_185' title='bbox 931 2644 1033 2703; x_wconf 87' lang='lat' dir='ltr'><strong>similia</strong></span> <span class='ocrx_word' id='word_1_186' title='bbox 1050 2646 1085 2720; x_wconf 85' lang='lat' dir='ltr'><strong>(t)</strong></span> <span class='ocrx_word' id='word_1_187' title='bbox 1105 2647 1256 2720; x_wconf 84' lang='lat' dir='ltr'><strong>generavit.</strong></span> 
     </span>
     <span class='ocr_line' id='line_1_20' title="bbox 94 2785 1258 2864; baseline 0.005 -21"><span class='ocrx_word' id='word_1_188' title='bbox 94 2789 164 2844; x_wconf 81' lang='lat' dir='ltr'><strong>llaec</strong></span> <span class='ocrx_word' id='word_1_189' title='bbox 178 2785 311 2843; x_wconf 86' lang='lat' dir='ltr'><strong>nimirum</strong></span> <span class='ocrx_word' id='word_1_190' title='bbox 330 2786 460 2862; x_wconf 86' lang='lat' dir='ltr'><strong>gignendi</strong></span> <span class='ocrx_word' id='word_1_191' title='bbox 475 2786 573 2844; x_wconf 89' lang='lat' dir='ltr'><strong>muudi</strong></span> <span class='ocrx_word' id='word_1_192' title='bbox 588 2802 671 2844; x_wconf 89' lang='lat' dir='ltr'><strong>causa</strong></span> <span class='ocrx_word' id='word_1_193' title='bbox 686 2787 841 2862; x_wconf 79' lang='lat' dir='ltr'><strong>J&#39;ustissima</strong></span> <span class='ocrx_word' id='word_1_194' title='bbox 858 2805 943 2846; x_wconf 90' lang='lat' dir='ltr'><strong>:nam</strong></span> <span class='ocrx_word' id='word_1_195' title='bbox 959 2806 1046 2864; x_wconf 94' lang='lat' dir='ltr'><strong>quum</strong></span> <span class='ocrx_word' id='word_1_196' title='bbox 1067 2791 1258 2849; x_wconf 89' lang='lat' dir='ltr'><strong>constituisset</strong></span> 
     </span>
     <span class='ocr_line' id='line_1_21' title="bbox 93 2929 1256 3008; baseline 0.002 -18"><span class='ocrx_word' id='word_1_197' title='bbox 93 2935 172 2990; x_wconf 82' lang='lat' dir='ltr'><strong>Deus</strong></span> <span class='ocrx_word' id='word_1_198' title='bbox 186 2931 268 2989; x_wconf 87' lang='lat' dir='ltr'><strong>bonis</strong></span> <span class='ocrx_word' id='word_1_199' title='bbox 282 2929 410 2988; x_wconf 89' lang='lat' dir='ltr'><strong>omnibus</strong></span> <span class='ocrx_word' id='word_1_200' title='bbox 420 2931 530 3005; x_wconf 85' lang='lat' dir='ltr'><strong>explere</strong></span> <span class='ocrx_word' id='word_1_201' title='bbox 540 2930 685 2997; x_wconf 87' lang='lat' dir='ltr'><strong>mundum,</strong></span> <span class='ocrx_word' id='word_1_202' title='bbox 696 2933 764 2989; x_wconf 88' lang='lat' dir='ltr'><strong>mali</strong></span> <span class='ocrx_word' id='word_1_203' title='bbox 777 2932 846 2989; x_wconf 91' lang='lat' dir='ltr'><strong>nibil</strong></span> <span class='ocrx_word' id='word_1_204' title='bbox 864 2933 1031 3002; x_wconf 85' lang='lat' dir='ltr'><strong>admiscere,</strong></span> <span class='ocrx_word' id='word_1_205' title='bbox 1049 2934 1141 3008; x_wconf 91' lang='lat' dir='ltr'><strong>quoad</strong></span> <span class='ocrx_word' id='word_1_206' title='bbox 1157 2943 1256 2992; x_wconf 90' lang='lat' dir='ltr'><strong>natura</strong></span> 
     </span>
     <span class='ocr_line' id='line_1_22' title="bbox 93 3076 1254 3151; baseline 0.001 -17"><span class='ocrx_word' id='word_1_207' title='bbox 93 3085 251 3150; x_wconf 87' lang='lat' dir='ltr'><strong>pateretur;</strong></span> <span class='ocrx_word' id='word_1_208' title='bbox 265 3076 400 3151; x_wconf 90' lang='lat' dir='ltr'><strong>quidquid</strong></span> <span class='ocrx_word' id='word_1_209' title='bbox 408 3085 468 3135; x_wconf 90' lang='lat' dir='ltr'><strong>erat</strong></span> <span class='ocrx_word' id='word_1_210' title='bbox 478 3078 551 3151; x_wconf 94' lang='lat' dir='ltr'><strong>quod</strong></span> <span class='ocrx_word' id='word_1_211' title='bbox 560 3078 588 3133; x_wconf 92' lang='lat' dir='ltr'><strong>in</strong></span> <span class='ocrx_word' id='word_1_212' title='bbox 597 3076 728 3135; x_wconf 91' lang='lat' dir='ltr'><strong>cernendi</strong></span> <span class='ocrx_word' id='word_1_213' title='bbox 739 3093 851 3135; x_wconf 90' lang='lat' dir='ltr'><strong>sensum</strong></span> <span class='ocrx_word' id='word_1_214' title='bbox 861 3078 983 3145; x_wconf 85' lang='lat' dir='ltr'><strong>caderet,</strong></span> <span class='ocrx_word' id='word_1_215' title='bbox 993 3076 1022 3134; x_wconf 91' lang='lat' dir='ltr'><strong>id</strong></span> <span class='ocrx_word' id='word_1_216' title='bbox 1032 3077 1084 3135; x_wconf 91' lang='lat' dir='ltr'><strong>sibi</strong></span> <span class='ocrx_word' id='word_1_217' title='bbox 1093 3078 1254 3151; x_wconf 85' lang='lat' dir='ltr'><strong>assumpsit,</strong></span> 
     </span>
     <span class='ocr_line' id='line_1_23' title="bbox 91 3219 1256 3296; baseline 0.003 -19"><span class='ocrx_word' id='word_1_218' title='bbox 91 3237 150 3278; x_wconf 91' lang='lat' dir='ltr'><strong>non</strong></span> <span class='ocrx_word' id='word_1_219' title='bbox 161 3221 345 3293; x_wconf 89' lang='lat' dir='ltr'><strong>tranquillum</strong></span> <span class='ocrx_word' id='word_1_220' title='bbox 358 3230 387 3279; x_wconf 92' lang='lat' dir='ltr'><strong>et</strong></span> <span class='ocrx_word' id='word_1_221' title='bbox 397 3219 533 3295; x_wconf 91' lang='lat' dir='ltr'><strong>quietum,</strong></span> <span class='ocrx_word' id='word_1_222' title='bbox 550 3220 796 3279; x_wconf 88' lang='lat' dir='ltr'><strong>sedimmoderate</strong></span> <span class='ocrx_word' id='word_1_223' title='bbox 808 3222 944 3296; x_wconf 88' lang='lat' dir='ltr'><strong>agitatum</strong></span> <span class='ocrx_word' id='word_1_224' title='bbox 963 3232 991 3280; x_wconf 91' lang='lat' dir='ltr'><strong>et</strong></span> <span class='ocrx_word' id='word_1_225' title='bbox 1001 3223 1157 3289; x_wconf 86' lang='lat' dir='ltr'><strong>lluctnaus,</strong></span> <span class='ocrx_word' id='word_1_226' title='bbox 1173 3223 1256 3296; x_wconf 90' lang='lat' dir='ltr'><strong>idque</strong></span> 
     </span>
     <span class='ocr_line' id='line_1_24' title="bbox 93 3361 1253 3437; baseline 0.004 -19"><span class='ocrx_word' id='word_1_227' title='bbox 93 3376 125 3419; x_wconf 84' lang='lat' dir='ltr'><strong>ex</strong></span> <span class='ocrx_word' id='word_1_228' title='bbox 143 3361 302 3419; x_wconf 88' lang='lat' dir='ltr'><strong>inordinato</strong></span> <span class='ocrx_word' id='word_1_229' title='bbox 318 3362 348 3418; x_wconf 93' lang='lat' dir='ltr'><strong>in</strong></span> <span class='ocrx_word' id='word_1_230' title='bbox 365 3362 492 3421; x_wconf 89' lang='lat' dir='ltr'><strong>ordinem</strong></span> <span class='ocrx_word' id='word_1_231' title='bbox 510 3362 626 3420; x_wconf 81' lang='lat' dir='ltr'><strong>adduxit</strong></span> <span class='ocrx_word' id='word_1_232' title='bbox 643 3364 716 3422; x_wconf 91' lang='lat' dir='ltr'><strong>:boc</strong></span> <span class='ocrx_word' id='word_1_233' title='bbox 733 3365 809 3420; x_wconf 90' lang='lat' dir='ltr'><strong>euim</strong></span> <span class='ocrx_word' id='word_1_234' title='bbox 825 3363 971 3436; x_wconf 74' lang='lat' dir='ltr'><strong>iudicabat</strong></span> <span class='ocrx_word' id='word_1_235' title='bbox 989 3379 1048 3420; x_wconf 88' lang='lat' dir='ltr'><strong>esse</strong></span> <span class='ocrx_word' id='word_1_236' title='bbox 1065 3365 1253 3437; x_wconf 76' lang='lat' dir='ltr'><strong>praestantius.</strong></span> 
     </span>
     <span class='ocr_line' id='line_1_25' title="bbox 91 3476 1254 3578; baseline 0.003 -18"><span class='ocrx_word' id='word_1_237' title='bbox 91 3505 146 3561; x_wconf 84' lang='lat' dir='ltr'><strong>Fas</strong></span> <span class='ocrx_word' id='word_1_238' title='bbox 160 3476 256 3561; x_wconf 86' lang='lat' dir='ltr'><strong>autem</strong></span> <span class='ocrx_word' id='word_1_239' title='bbox 269 3520 321 3562; x_wconf 90' lang='lat' dir='ltr'><strong>neo</strong></span> <span class='ocrx_word' id='word_1_240' title='bbox 331 3512 383 3573; x_wconf 88' lang='lat' dir='ltr'><strong>est,</strong></span> <span class='ocrx_word' id='word_1_241' title='bbox 394 3521 447 3562; x_wconf 91' lang='lat' dir='ltr'><strong>nec</strong></span> <span class='ocrx_word' id='word_1_242' title='bbox 458 3521 583 3578; x_wconf 91' lang='lat' dir='ltr'><strong>unquam</strong></span> <span class='ocrx_word' id='word_1_243' title='bbox 596 3503 661 3576; x_wconf 90' lang='lat' dir='ltr'><strong>luit,</strong></span> <span class='ocrx_word' id='word_1_244' title='bbox 674 3505 836 3578; x_wconf 87' lang='lat' dir='ltr'><strong>quidquam,</strong></span> <span class='ocrx_word' id='word_1_245' title='bbox 848 3504 901 3561; x_wconf 90' lang='lat' dir='ltr'><strong>nisi</strong></span> <span class='ocrx_word' id='word_1_246' title='bbox 917 3504 1148 3577; x_wconf 85' lang='lat' dir='ltr'><strong>pulcherrimum,</strong></span> <span class='ocrx_word' id='word_1_247' title='bbox 1161 3505 1254 3565; x_wconf 87' lang='lat' dir='ltr'><strong>facere</strong></span> 
     </span>
     <span class='ocr_line' id='line_1_26' title="bbox 90 3610 1254 3721; baseline 0.001 -16"><span class='ocrx_word' id='word_1_248' title='bbox 90 3647 177 3721; x_wconf 87' lang='lat' dir='ltr'><strong>niqui</strong></span> <span class='ocrx_word' id='word_1_249' title='bbox 192 3654 265 3703; x_wconf 86' lang='lat' dir='ltr'><strong>esset</strong></span> <span class='ocrx_word' id='word_1_250' title='bbox 275 3645 406 3720; x_wconf 88' lang='lat' dir='ltr'><strong>optimus.</strong></span> <span class='ocrx_word' id='word_1_251' title='bbox 419 3646 511 3717; x_wconf 84' lang='lat' dir='ltr'><strong>Quum</strong></span> <span class='ocrx_word' id='word_1_252' title='bbox 523 3610 660 3704; x_wconf 80' lang='lat' dir='ltr'><strong>rationem</strong></span> <span class='ocrx_word' id='word_1_253' title='bbox 674 3648 758 3721; x_wconf 88' lang='lat' dir='ltr'><strong>igitur</strong></span> <span class='ocrx_word' id='word_1_254' title='bbox 770 3647 928 3714; x_wconf 88' lang='lat' dir='ltr'><strong>habuisset,</strong></span> <span class='ocrx_word' id='word_1_255' title='bbox 943 3649 1100 3721; x_wconf 88' lang='lat' dir='ltr'><strong>reperiebat</strong></span> <span class='ocrx_word' id='word_1_256' title='bbox 1112 3648 1178 3706; x_wconf 90' lang='lat' dir='ltr'><strong>nibil</strong></span> <span class='ocrx_word' id='word_1_257' title='bbox 1194 3665 1254 3707; x_wconf 90' lang='lat' dir='ltr'><strong>esse</strong></span> 
     </span>
     <span class='ocr_line' id='line_1_27' title="bbox 90 3788 1252 3866; baseline 0.002 -19"><span class='ocrx_word' id='word_1_258' title='bbox 90 3805 202 3858; x_wconf 87' lang='lat' dir='ltr'><strong>eorum,</strong></span> <span class='ocrx_word' id='word_1_259' title='bbox 213 3806 276 3864; x_wconf 91' lang='lat' dir='ltr'><strong>quae</strong></span> <span class='ocrx_word' id='word_1_260' title='bbox 286 3799 387 3847; x_wconf 90' lang='lat' dir='ltr'><strong>natura</strong></span> <span class='ocrx_word' id='word_1_261' title='bbox 400 3798 589 3860; x_wconf 86' lang='lat' dir='ltr'><strong>cernerentur,</strong></span> <span class='ocrx_word' id='word_1_262' title='bbox 602 3807 658 3846; x_wconf 91' lang='lat' dir='ltr'><strong>uon</strong></span> <span class='ocrx_word' id='word_1_263' title='bbox 670 3788 838 3861; x_wconf 88' lang='lat' dir='ltr'><strong>intelligens,</strong></span> <span class='ocrx_word' id='word_1_264' title='bbox 852 3789 1023 3864; x_wconf 84' lang='lat' dir='ltr'><strong>intelligente</strong></span> <span class='ocrx_word' id='word_1_265' title='bbox 1035 3791 1064 3847; x_wconf 90' lang='lat' dir='ltr'><strong>in</strong></span> <span class='ocrx_word' id='word_1_266' title='bbox 1077 3797 1137 3848; x_wconf 90' lang='lat' dir='ltr'><strong>toto</strong></span> <span class='ocrx_word' id='word_1_267' title='bbox 1152 3807 1252 3866; x_wconf 89' lang='lat' dir='ltr'><strong>genere</strong></span> 
     </span>
    </p>
   </div>
   <div class='ocr_carea' id='block_1_3' title="bbox 89 3914 1252 4009">
    <p class='ocr_par' dir='ltr' id='par_1_4' title="bbox 89 3914 1252 4009">
     <span class='ocr_line' id='line_1_28' title="bbox 89 3914 1252 4009; baseline -0.001 -17"><span class='ocrx_word' id='word_1_268' title='bbox 89 3933 271 4006; x_wconf 76' lang='lat' dir='ltr'><strong>prestantius</strong></span> <span class='ocrx_word' id='word_1_269' title='bbox 282 3952 289 3990; x_wconf 77' lang='lat' dir='ltr'><strong>t</strong></span> <span class='ocrx_word' id='word_1_270' title='bbox 301 3933 518 4009; x_wconf 89' lang='lat' dir='ltr'><strong>[intelligentiam</strong></span> <span class='ocrx_word' id='word_1_271' title='bbox 531 3941 624 3991; x_wconf 92' lang='lat' dir='ltr'><strong>autem</strong></span> <span class='ocrx_word' id='word_1_272' title='bbox 636 3933 683 3989; x_wconf 95' lang='lat' dir='ltr'><strong>ulli</strong></span> <span class='ocrx_word' id='word_1_273' title='bbox 696 3933 735 3989; x_wconf 87' lang='lat' dir='ltr'><strong>rei</strong></span> <span class='ocrx_word' id='word_1_274' title='bbox 748 3933 907 4006; x_wconf 85' lang='lat' dir='ltr'><strong>adjunctam</strong></span> <span class='ocrx_word' id='word_1_275' title='bbox 920 3949 979 3990; x_wconf 90' lang='lat' dir='ltr'><strong>esse</strong></span> <span class='ocrx_word' id='word_1_276' title='bbox 990 3914 1049 3991; x_wconf 84' lang='lat' dir='ltr'><strong>sine</strong></span> <span class='ocrx_word' id='word_1_277' title='bbox 1059 3935 1163 4003; x_wconf 84' lang='lat' dir='ltr'><strong>auimo,</strong></span> <span class='ocrx_word' id='word_1_278' title='bbox 1175 3934 1252 3991; x_wconf 86' lang='lat' dir='ltr'><strong>nolas</strong></span> 
     </span>
    </p>
   </div>
   <div class='ocr_carea' id='block_1_4' title="bbox 122 4192 838 4268">
    <p class='ocr_par' dir='ltr' id='par_1_5' title="bbox 122 4192 838 4268">
     <span class='ocr_line' id='line_1_29' title="bbox 122 4192 838 4268; baseline -0.013 -18"><span class='ocrx_word' id='word_1_279' title='bbox 122 4197 159 4265; x_wconf 90' lang='lat' dir='ltr'><strong>(t)</strong></span> <span class='ocrx_word' id='word_1_280' title='bbox 176 4195 264 4249; x_wconf 73' lang='lat' dir='ltr'><strong>Cicero</strong></span> <span class='ocrx_word' id='word_1_281' title='bbox 278 4195 401 4268; x_wconf 75' lang='lat' dir='ltr'><strong>negligit«</strong></span> <span class='ocrx_word' id='word_1_282' title='bbox 413 4197 452 4247; x_wconf 74' lang='grc' dir='ltr'><strong>ὅτι</strong></span> <span class='ocrx_word' id='word_1_283' title='bbox 468 4195 581 4266; x_wconf 76' lang='grc' dir='ltr'><strong>μάλιστα,</strong></span> <span class='ocrx_word' id='word_1_284' title='bbox 597 4217 607 4237; x_wconf 73' lang='grc' dir='ltr'><strong>ι»</strong></span> <span class='ocrx_word' id='word_1_285' title='bbox 622 4193 685 4249; x_wconf 84' lang='lat' dir='ltr'><strong>mele</strong></span> <span class='ocrx_word' id='word_1_286' title='bbox 698 4193 729 4261; x_wconf 76' lang='lat' dir='ltr'><strong>(l.</strong></span> <span class='ocrx_word' id='word_1_287' title='bbox 744 4192 773 4246; x_wconf 87' lang='lat' dir='ltr'><strong>V.</strong></span> <span class='ocrx_word' id='word_1_288' title='bbox 790 4193 838 4263; x_wconf 76' lang='lat' dir='ltr'><strong>b).</strong></span> 
     </span>
    </p>
   </div>
   <div class='ocr_carea' id='block_1_5' title="bbox 0 0 1400 4770">
    <p class='ocr_par' dir='ltr' id='par_1_6' title="bbox 0 0 1400 4770">
     <span class='ocr_line' id='line_1_30' title="bbox 0 0 1400 4770; baseline 0 6"><span class='ocrx_word' id='word_1_289' title='bbox 0 0 1400 4770; x_wconf 95' lang='lat' dir='ltr'><strong> </strong></span> 
     </span>
    </p>
   </div>
  </div>
 </body>
</html>
