2790 4770
647 303 826 368 ..60-

160 445 334 504 occurrunt
341 440 411 505 baeo
420 441 620 506 celeberrimi
630 441 810 522 scriptoris:
824 442 1319 509 ‹rFlebuntGermanicumetiam

158 546 271 629 ignoti.
298 571 314 609 n
334 553 439 616 Ambo
462 551 670 615 clarissimam
690 550 789 620 vitam
809 553 946 633 pessima
958 558 1062 617 morte
1075 550 1236 618 linierunt.
1253 555 1318 618 lta·

161 674 224 739 que
237 658 291 723 hic
309 658 355 722 illi
372 660 457 725 haud
480 660 642 724 immerito
656 660 792 725 conferri
807 665 924 740 potest.
953 664 1055 726 Nemo
1069 666 1176 725 autem
1191 680 1258 726 non
1273 663 1318 726 lc-

157 772 263 833 teatur
273 787 403 834 necesse
426 776 484 848 est,
501 777 537 835 ut
558 770 751 848 Lucretium,
766 770 812 832 ita
829 770 1016 836 Ciceronem
1030 771 1177 852 inprimis
1192 789 1319 836 memo·

159 894 226 941 rem
255 877 410 942 exstitisse
432 880 622 956 ciliciorum,
639 896 711 960 quae
725 878 833 959 generi
856 879 997 944 humano
1021 899 1173 962 «vagus»
1193 882 1319 963 praesti·

156 986 233 1048 terit
243 987 406 1049 Hercules.

198 1095 261 1158 Sed
290 1112 406 1156 munus
425 1094 601 1174 incoeptum
627 1101 818 1176 repetamus.
844 1096 926 1160 Satis
940 1096 1025 1159 enim
1039 1096 1074 1158 id
1092 1101 1140 1160 est
1162 1113 1318 1178 magnum

158 1205 244 1284 quod
263 1206 354 1265 tento
379 1203 504 1266 allicere
531 1208 567 1266 ut
581 1204 693 1267 cicero
718 1207 901 1267 Graeoorum
923 1203 1091 1284 interpres,
1117 1222 1183 1267 non
1204 1204 1255 1266 vir
1270 1223 1318 1267 sa-

157 1312 247 1391 piens
261 1318 292 1376 et
313 1313 482 1390 humanm,
503 1314 697 1376 ostendatur.
719 1314 751 1376 Si
772 1313 868 1376 latina
886 1314 1026 1377 carmina
1043 1313 1240 1377 carminibus
1258 1315 1317 1376 So-

156 1420 280 1500 phoclis
308 1427 534 1500 comparentur
562 1438 598 1484 ea
621 1421 771 1500 opinione
785 1426 822 1484 ut
845 1420 878 1482 id
894 1422 1052 1502 optimum
1073 1420 1106 1483 in
1125 1422 1318 1500 interpretu-

156 1529 244 1592 tione
258 1530 402 1592 videatur
416 1532 500 1609 quod
517 1529 558 1593 sit
572 1529 708 1592 maxima
723 1547 907 1608 expressum
924 1528 1097 1610 diligentia,
1112 1530 1212 1592 multa
1227 1533 1317 1594 certe

156 1639 240 1717 apud
267 1638 454 1701 Ciceronem
480 1637 688 1716 vituperanda
712 1655 778 1699 esse
793 1638 864 1717 quis
880 1638 1088 1703 initiabitur?
1109 1640 1211 1713 Quid?
1224 1640 1317 1702 Idem

155 1763 265 1809 sensus
279 1745 441 1826 animique
461 1745 602 1822 allectus,
621 1745 675 1824 qui
691 1745 808 1808 desunt
836 1744 869 1807 in
886 1747 1044 1826 Sophocle
1056 1747 1317 1827 (Atheniensibus

156 1874 272 1939 nempe
286 1876 345 1939 pro
367 1874 403 1920 ea
428 1860 522 1919 aetate
547 1872 675 1934 prorsus
690 1853 811 1934 ignoti),
829 1872 934 1918 nonne
944 1857 1029 1919 ultro
1043 1856 1159 1919 Graecis
1172 1858 1316 1920 versibus

156 1965 290 2047 adjicit?
305 1967 416 2028 Nonne
431 1962 547 2043 saepius
561 1962 656 2025 verba
678 1962 895 2042 praetermittit
908 1963 992 2025 haud
1012 1964 1129 2026 nullius
1144 1966 1313 2041 momenti,

155 2067 182 2131 si
197 2069 267 2150 quis
280 2069 380 2133 varias
399 2068 628 2130 sententiarum
651 2067 897 2146 significationes
912 2069 1245 2149 commutationesque
1260 2087 1316 2150 pe·

156 2178 241 2241 nitus
255 2193 447 2258 pernoscere
470 2174 564 2238 velit?
588 2176 631 2238 At
651 2193 725 2238 vero
750 2176 872 2239 'Pullius
891 2176 997 2257 <idque
1019 2177 1098 2239 mihi
1118 2176 1229 2240 videor
1243 2179 1315 2259 jure

156 2284 310 2368 dicturus)
338 2289 426 2347 tanta
456 2282 626 2353 verborum
653 2281 683 2346 vi
708 2283 873 2348 incitatam
896 2284 1062 2365 Sophoclis
1086 2284 1267 2377 orationem
1282 2287 1315 2349 in

156 2392 291 2456 latinum
313 2391 485 2469 transtulit,
505 2394 541 2454 ut
554 2390 634 2453 nihil
655 2396 763 2470 posset
778 2392 868 2455 ultra.
885 2394 969 2466 Quot
981 2398 1180 2474 quantosque
1193 2377 1317 2458 fructus

157 2499 370 2581 adaugendas
389 2497 479 2561 latini
504 2497 661 2561 sermonis
681 2516 757 2577 opes
780 2499 891 2562 Cicero
908 2501 1089 2581 perceperit
1104 2518 1142 2563 ex
1154 2499 1314 2582 interpre-

154 2605 276 2670 tatione
291 2606 345 2668 illa
360 2606 546 2687 caeterisque
567 2607 646 2668 locis
673 2607 712 2668 de
737 2624 841 2688 graeco
860 2606 1019 2670 conversis
1034 2608 1116 2669 infra
1129 2607 1311 2686 expediam,

155 2732 254 2795 quum
269 2714 368 2796 magis
384 2720 563 2795 opportune
576 2718 737 2794 quaeretur
761 2715 863 2794 qualis
875 2717 923 2802 ad·
937 2715 1059 2794 poesim
1073 2732 1183 2779 remve
1205 2716 1315 2778 metri-

154 2840 226 2886 cam
240 2822 467 2904 perficiendam
491 2822 573 2883 lacta
602 2821 697 2883 luerit
715 2823 904 2901 progressio.
928 2823 987 2884 Hic
1004 2820 1084 2884 mihi
1099 2823 1175 2885 satis
1190 2828 1239 2885 est
1253 2823 1314 2884 sin·

154 2928 296 3008 gularem
316 2927 404 2990 illam
420 2926 581 2989 Ciceronis
605 2926 794 2989 industriam
817 2926 980 3005 admirari,
1009 2947 1072 3009 qua
1091 2933 1179 2992 certe
1194 2928 1314 2991 latlnus

153 3035 322 3116 interpres,
349 3037 426 3097 dum
457 3050 550 3096 suum
581 3035 751 3096 Herculem
787 3034 911 3099 inducit
942 3037 1174 3100 exclamantem
1205 3054 1213 3099 :
1247 3039 1313 3101 «0

154 3147 228 3205 ante
257 3142 404 3205 victrices
419 3144 550 3204 manus!
579 3160 595 3200 s
619 3141 757 3221 principi
781 3143 975 3222 tragicorum
996 3144 1079 3207 baud
1103 3144 1207 3226 impar
1226 3144 1314 3225 judi·

154 3254 253 3311 catur.
936 3267 938 3270 ·

192 3359 327 3420 Tantum
353 3357 442 3420 abest
455 3355 621 3436 Euripides
640 3361 676 3418 ut
689 3356 816 3436 longam
835 3357 953 3437 pariter
964 3360 1214 3439 praeclaramque
1231 3377 1313 3439 poe·

153 3463 225 3527 ticae
240 3463 365 3528 virtutis
378 3464 574 3528 ostentandae
588 3462 753 3526 materiam
767 3465 808 3527 M.
827 3465 933 3528 Tullio
950 3466 1133 3545 praebuerit,
1149 3465 1201 3526 vix
1227 3466 1314 3548 frag·

155 3552 262 3634 menta
288 3570 413 3636 suffecit
437 3571 632 3648 brevissima,
663 3588 734 3650 quae
756 3570 823 3650 jam
844 3572 951 3636 statim
972 3572 1130 3653 descripta
1156 3574 1310 3652 reperies.
