2790 4770
647 279 849 343 -284-

171 405 381 488 Temperatio,
399 413 438 476 el.
455 414 575 498 Κρατήρ.
766 419 956 482 Universitas
970 417 1023 499 (l),
1033 417 1073 481 al.
1090 413 1131 478 Τὸ
1144 419 1271 490 πᾶν-Ι,
1284 413 1329 474 τσῦ

173 515 360 596 ΤΓὸῡΙᾶΙὶίΙθ,
378 523 417 583 cs.
432 523 536 586 Ἁπτόν.
805 528 905 593 παντὸς
916 525 1000 609 φύσις.

546 722 637 775 Passim
652 725 678 774 in
691 724 761 774 libris
774 721 955 794 Philosoplricis.

176 883 383 963 AEstimabile‚
397 891 435 952 cl.
450 890 534 961 Ἄξιον
549 894 565 930 *
578 893 629 974 (a).
765 891 917 954 Gloriatio
937 890 991 972 (Ι),
1007 892 1048 954 el.
1065 889 1185 971 Αὔχησις
1195 889 1224 954 *.

174 991 349 1071 Appetitio,
369 1001 538 1077 appetitus,
555 1002 594 1063 cl.
609 999 712 1082 Ὁρμή.
765 997 1000 1075 Inaestimabile,
1013 1000 1051 1060 es.
1063 996 1215 1067 {tanturn

174 1099 356 1164 Commotio
369 1105 504 1187 (animi),
522 1110 562 1169 et.
578 1110 679 1188 Ψυχῆς
694 1107 736 1167 nt·
766 1107 957 1182 Inanimum,
972 1107 1012 1169 el.
1027 1104 1154 1188 Ἄψυχον.

210 1231 293 1278 rnna.
764 1215 962 1285 indifferens,
978 1214 1017 1276 cs.
1034 1213 1198 1293 Ἀδιᾶφορον.

175 1315 435 1398 comprehensio,
451 1324 489 1386 el.
509 1323 673 1406 Κατάληψις.
765 1323 955 1398 indolentia,
974 1322 1013 1384 cl.
1030 1318 1230 1399 {trutanam

174 1422 353 1487 Contractio
367 1429 501 1507 (animi),
519 1433 557 1494 el.
578 1433 712 1505 Συστολή.
765 1429 949 1504 Invidentia,
965 1430 1005 1491 es.
1020 1426 1132 1494 Φθονός.

173 1527 406 1610 Convenientia,
424 1536 462 1596 el.
474 1535 632 1615 Ὁμολογία.
766 1537 989 1619 Perspieuitas‚
1007 1537 1048 1600 es.
1066 1535 1223 1616 Ἐνάργεια.

178 1636 380 1718 Corpuscula,
397 1644 436 1703 el.
454 1642 573 1722 'aroana
766 1647 1010 1708 Pronuntiatum
1028 1644 1081 1724 (5),
1099 1644 1138 1705 cl.
1153 1640 1281 1719 Ἀξίωμα·

174 1745 274 1807 Elatio
290 1747 422 1830 (animi),
438 1752 476 1813 el.
490 1751 633 1834 'linopola
768 1755 955 1828 Qualitates‚
972 1754 1009 1816 es.
1025 1751 1180 1822 Ποιότητες.

175 1852 425 1934 Euuntiationes,
443 1860 482 1920 cl.
501 1859 659 1938 Ἇξιώματα.
768 1862 913 1924 Retentio
927 1858 1152 1941 (assensionis),
1165 1859 1203 1921 ot.
1215 1854 1328 1938 Ἐποχή.

176 1958 341 2025 El'identia
356 1964 410 2044 (3),
425 1967 462 2027 cs.
479 1967 629 2049 Ἐνᾶργεια.
766 1970 877 2033 Visum
890 1969 942 2051 (6),
957 1971 996 2032 cf.
1016 1967 1171 2028 Φαντασῖα.

566 2165 602 2215 Ex
616 2166 739 2216 volumine
753 2164 940 2217 Itlaetoricorum.

179 2275 427 2392 Compreliensio
451 2317 493 2397 (et
514 2319 649 2381 ambitus
669 2337 736 2380 rer·
770 2316 1009 2380 lmmutatioues
1034 2312 1258 2397 (verborum),
1295 2314 1333 2378 el.

218 2420 354 2499 borum),
371 2425 409 2486 cf.
426 2426 559 2506 ΙΙερίοδος.
810 2424 924 2504 Τρόποι.

177 2527 327 2590 [terentia
344 2530 394 2611 (7),
412 2533 452 2593 cf.
471 2534 655 2615 Ιίὖπρὲπεια*,
770 2529 954 2607 insinuatio,
969 2531 1007 2591 ci.
1022 2528 1146 2610 Ἔφοδος.

182 2630 351 2710 Eloquens,
369 2636 406 2694 cl.
423 2634 535 2715 Ῥήτωρ,
773 2639 958 2713 Translatio,
972 2638 1010 2698 ot.
1027 2636 1201 2715 Ὑπαλλαγή,
1214 2639 1334 2697 lieron-

817 2749 873 2826 μία.

211 2935 245 2996 (Ι)
263 2932 283 2981 Α
299 2932 416 2982 Cicerone
433 2934 581 2983 adhibentur
595 2951 692 3001 quoque
703 2957 714 2980 a
728 2936 865 2984 universitas
879 2946 971 2984 natrnae
983 2957 1005 2995 n,
1018 2958 1030 2981 a
1042 2935 1201 2983 rtuiversitatis
1216 2951 1301 3002 corpus
1313 2955 1333 2994 u,

178 3016 209 3067 el.
227 3018 261 3066 Τὸ
277 3017 321 3068 τοῦ
336 3019 427 3074 παντὸς
438 3021 519 3084 σῶμα.

213 3106 247 3165 (2)
263 3103 313 3152 Hoc
328 3104 421 3168 signum
437 3107 544 3170 designat
554 3122 629 3170 graeca
642 3106 768 3164 uocalurla,
784 3123 837 3171 quar
853 3106 938 3156 Cicero
951 3122 1000 3154 nnn
1012 3105 1137 3155 adscribit.
1150 3105 1207 3154 tid.
1220 3105 1334 3155 Lexicon.

213 3192 249 3254 (3)
265 3189 319 3237 tia.
335 3189 413 3239 Aeaei.
429 3190 459 3247 ΙΙ,
474 3196 488 3241 6
504 3209 508 3239 :
525 3213 537 3234 α
549 3191 743 3258 Perspicnitatem
758 3201 799 3241 urit
814 3189 953 3239 eeidnrtiam
966 3207 1018 3250 nos,
1034 3191 1053 3239 si
1068 3191 1156 3256 placet,
1173 3191 1335 3246 nominemus,

179 3273 384 3339 fabricemurque,
400 3275 418 3322 si
431 3291 490 3340 opus
505 3276 560 3333 erit,
577 3276 680 3325 rerba...
693 3277 785 3325 »Unde
801 3277 866 3325 rides
879 3277 946 3342 qrrasi
959 3276 1076 3342 postulari
1089 3274 1233 3324 aCieeroue
1245 3273 1336 3324 reniam

179 3359 283 3408 uorandi
299 3358 371 3407 rerba
381 3374 386 3406 :
397 3367 455 3406 tune
468 3375 529 3407 saue-
538 3361 642 3409 auditori
654 3361 704 3413 baec
718 3361 799 3410 dicere
809 3361 868 3410 solet
879 3377 885 3409 :
899 3384 910 3405 n
921 3373 945 3409 nt
955 3361 1048 3430 opinor,
1058 3371 1081 3408 nt
1090 3358 1178 3427 placet,
1191 3360 1213 3408 si
1221 3358 1302 3427 placet
1315 3379 1335 3420 n,

180 3454 221 3493 aut
237 3444 314 3493 serbis
329 3443 396 3491 noris
411 3444 560 3493 translatisre
573 3446 656 3509 adjicit
668 3446 745 3514 qraasi,
757 3457 781 3492 nt
797 3445 830 3492 ita
841 3442 919 3491 dicam
932 3445 993 3509 (sid.
1007 3444 1038 3491 de
1052 3448 1118 3492 Orat.
1133 3443 1175 3502 ΙΙΙ,
1194 3446 1247 3509 ΙΙ).
1260 3444 1337 3508 Atque

180 3529 213 3577 ita
229 3527 344 3587 efficitur,
358 3538 385 3577 ut
400 3527 521 3577 interdum
536 3530 586 3577 sine
600 3530 649 3577 ullo
664 3530 746 3578 labore
758 3545 820 3577 nora
835 3529 951 3578 uocabula
966 3529 1067 3577 cuilibet
1081 3527 1189 3594 reperire
1203 3528 1336 3592 contingat,

180 3631 208 3662 ae
222 3629 284 3678 saepe
303 3613 406 3677 legentes
428 3614 602 3662 admoneamur
616 3614 700 3680 primae
718 3625 741 3664 et
760 3614 865 3680 proprian
880 3614 948 3663 uerbi
967 3613 1081 3663 translati
1098 3611 1290 3677 significationis.
1305 3637 1338 3649 -

183 3698 325 3748 Ciceronem
337 3697 437 3746 uerbum
449 3720 461 3742 n
473 3700 599 3764 Ἐνάργεια
614 3720 625 3742 n
637 3699 716 3765 ¹ctiam
734 3699 807 3748 uerbo
817 3722 829 3741 a
841 3697 971 3747 illustratio
983 3718 995 3743 n
1006 3698 1105 3746 uertisse
1119 3705 1207 3746 auctor
1218 3706 1255 3746 est
1266 3695 1340 3756 Quin·

171 3776 287 3841 titianus,
302 3783 343 3841 tl,
363 3785 387 3842 2,
404 3785 445 3832 32.

216 3872 251 3936 (l)
267 3868 372 3917 Verbum
384 3891 395 3908 n
408 3865 548 3932 gloriatio»
564 3885 576 3917 a
596 3869 712 3919 Cicerone
730 3869 824 3918 duobus
843 3869 902 3918 loeis
919 3867 1040 3934 reperitur
1060 3864 1099 3929 (de
1112 3866 1163 3917 list.
1180 3865 1225 3925 ΙΙΙ,
1241 3870 1254 3916 8
1269 3876 1293 3915 et
1309 3861 1339 3911 de

182 3959 236 4007 Fin.
250 3955 290 4017 ΙΙΙ,
310 3959 359 4019 18).

216 4046 250 4108 (5)
267 4065 277 4087 a
292 4043 350 4092 L'tar
362 4051 415 4108 post
430 4042 487 4100 alin,
500 4042 534 4090 ait
550 4040 644 4095 Cicero,
660 4040 679 4088 si
694 4040 808 4089 invenero
823 4039 908 4087 melius
919 4063 929 4080 ··
946 4038 1029 4102 (Ture.
1046 4036 1066 4096 Ι,
1082 4040 1117 4099 ἶ).

217 4134 251 4194 (tt)
267 4154 278 4175 a
291 4129 396 4178 l'erbum
410 4130 466 4178 satis
481 4128 593 4177 besteruo
608 4128 647 4175 die
662 4128 746 4176 tritum
761 4148 783 4189 n,
799 4127 879 4191 inquit
893 4125 978 4174 Cicero
994 4121 1081 4181 (Acad.
1098 4121 1129 4182 ΙΙ,
1146 4123 1182 4186 (l).

216 4218 252 4282 (l)
268 4221 304 4264 De
318 4219 385 4264 Orat.
399 4214 441 4271 ΙΙΙ,
460 4218 499 4273 52,
513 4213 617 4275 Turnum
630 4213 709 4279 posuit
725 4213 825 4261 rerlnrm
838 4209 1084 4274 demntia-Adiecit
1099 4206 1140 4271 (de
1149 4208 1186 4259 N.
1200 4211 1235 4258 D.
1252 4206 1283 4264 ΙΙ,
1300 4205 1339 4263 57)

183 4313 206 4350 ut
225 4302 257 4349 ita
271 4300 360 4351 dicam.
