2790 4770
490 212 724 326 ſses-

56 401 148 461 Nunc
175 399 268 478 juxta
297 397 561 467 1111ο111313331ς
590 397 850 464 111311311111111
877 401 1088 481 1333111131η
1124 417 1211 464 nunc

60 507 124 569 oin
136 507 249 589 Pylum
263 506 461 570 adveniens»
477 507 570 589 Juxta
584 508 702 572 Πύλονδ’
715 506 797 570 titolo
809 509 980 573 commode
995 509 1112 590 posuit.
1129 509 1210 584 Quid

58 630 237 677 memorem
251 613 312 677 hoc
328 632 335 676 :

162 795 259 869 Neque
269 793 344 851 euim
357 793 459 854 oblitus
470 810 533 854 sum
545 804 584 868 te,
597 813 613 855 o
625 796 736 857 Laertie
747 798 866 855 noster?

58 974 114 1036 llle
140 991 232 1037 casus
256 974 391 1038 vocandi
416 979 587 1057 quamdam
616 978 649 1041 in
672 977 843 1043 scribendo
861 976 1073 1043 subtilitatem
1094 981 1219 1062 elegan-

58 1082 202 1164 tiamque
229 1083 378 1147 declarat.
408 1086 500 1176 Saepe
515 1085 612 1168 igitur
635 1092 819 1168 usurpatam
835 1103 902 1149 esse
927 1086 1103 1151 dictionem
1124 1088 1221 1152 istam

59 1192 145 1271 apud
157 1190 287 1254 Latinos
298 1198 408 1271 poetas
423 1189 649 1276 comperimus.
661 1196 747 1259 Maro
761 1193 885 1259 scilicet
909 1193 955 1278 (ut
968 1212 1068 1261 unum
1083 1213 1100 1260 e
1114 1195 1224 1261 multis

58 1299 246 1379 exemplum
258 1300 401 1382 alteram)
416 1318 453 1365 ea
466 1303 593 1385 scripsit
609 1321 617 1365 :

246 1501 255 1537 1
282 1516 293 1537 .
317 1515 327 1534 .
353 1513 363 1532 ·
390 1478 759 1554 .Τί111,Ρ1113113,13313111

241 1566 390 1642 remigium
401 1568 575 1644 clarumll).
591 1610 599 1628 .
618 1611 627 1629 .

55 1754 164 1816 Nemo
190 1751 400 1832 deniqueret
425 1752 693 1818 interdicerouis
719 1754 858 1837 equales
882 1757 992 1836 purius
1021 1756 1142 1837 aliquid
1169 1762 1225 1820 aut

49 1857 252 1924 concinnius
265 1859 327 1923 hoc
340 1877 435 1924 versu
459 1861 716 1941 composuisset:

240 2039 345 2110 Utrum
359 2054 449 2114 genua
461 2038 633 2114 amplectans
646 2037 784 2114 virginem
797 2046 901 2098 oraret.
915 2080 924 2098 .

52 2242 188 2323 hocque
202 2239 326 2306 altero:
411 2264 412 2268 ¹

240 2419 332 2504 Quem
345 2417 510 2478 nefrendem
523 2418 593 2490 alui,
606 2419 724 2478 lacteam
737 2416 905 2492 immulgens
918 2432 1012 2493 opem.

100 2598 185 2673 Quid
198 2615 273 2663 vero
286 2615 389 2664 causae
412 2606 461 2666 est
479 2618 538 2689 our
563 2601 657 2682 plura
669 2616 866 2679 enumerem,
881 2615 983 2681 quum
996 2597 1097 2663 cuivis
1111 2597 1223 2663 eadem

58 2706 231 2770 observare
244 2708 294 2770 vel
306 2708 411 2788 primo
434 2710 588 2790 adspectu
602 2708 716 2773 liceat?
738 2707 800 2771 Sed
816 2709 855 2772 de
870 2707 958 2771 Livio
972 2707 1138 2770 hacteuus.
1154 2707 1224 2770 Ete-

59 2814 131 2877 nim
146 2813 217 2878 baec
240 2813 311 2895 ipsa
333 2816 465 2880 forsitan
477 2834 541 2879 nou
557 2820 646 2880 erant
659 2814 847 2880 necessaria.
870 2817 977 2879 Unum
993 2812 1091 2896 igitur
1103 2814 1221 2877 addam

10 2960 15 2971 ·
63 2927 158 2999 ntea,
175 2939 247 3003 quae
267 2921 413 3003 disserui,
429 2923 568 2988 breviter
587 2923 796 3003 complectar.
809 2923 915 2986 Livius
929 2923 1098 3006 (quantum
1107 2929 1223 2987 trunca

22 3086 33 3097 ,.
66 3029 214 3110 quaedam
226 3047 265 3093 ex
284 3032 421 3113 Odyssea
441 3017 652 3112 perpendenti
666 3030 745 3094 mihi
766 3031 926 3112 conjicere
946 3032 1033 3109 licet)
1048 3030 1081 3094 id
1096 3030 1223 3096 studuit

71 3142 103 3199 nt
125 3137 190 3199 cim
212 3142 244 3202 et
268 3139 364 3203 verba
377 3138 526 3203 carminis
548 3139 711 3203 Homerici
738 3139 896 3203 redderet.
925 3136 1080 3212 Quocirca
1106 3156 1221 3203 censeo

36 3322 43 3331 Ι
72 3241 155 3307 raldo
175 3241 356 3309 dedendam
382 3264 450 3311 esse
474 3246 526 3328 (ut
538 3247 628 3327 prius
639 3245 715 3328 dixi)
735 3247 882 3328 Odysseae
906 3246 1026 3310 Latinae
1046 3245 1219 3326 jacturam.

45 3332 52 3341 ’
75 3344 221 3433 Namque,
248 3353 275 3415 si
299 3346 368 3418 ton
396 3370 499 3436 usque
523 3355 563 3417 ad
578 3372 637 3417 nos
651 3353 854 3435 pervenisset,
876 3358 1021 3434 essetque
1036 3358 1222 3434 comparata

78 3447 129 3520 illis
157 3458 483 3540 interpretationibus,
499 3479 572 3542 quae
592 3459 732 3523 maxime
748 3478 766 3521 a
788 3457 911 3523 cunctis
930 3459 1112 3538 laudantur,
1127 3459 1221 3523 nobis

80 3573 167 3646 neque
192 3568 298 3632 minus
318 3575 478 3646 accurate,
505 3585 609 3651 neque
634 3568 740 3631 minus
755 3566 880 3648 poetice
896 3565 1016 3647 scripta
1028 3567 1162 3631 fortasse
1173 3566 1222 3631 vi·

82 3667 204 3737 deretur.
227 3677 361 3756 Quoquo
385 3677 482 3739 modo
500 3676 564 3739 hoc
577 3675 734 3739 habeatur
759 3691 850 3754 opus,
868 3674 1026 3738 concedes
1041 3675 1156 3737 saltem
1169 3673 1222 3737 vix
1318 3715 1321 3718 -

37 3848 42 3860 Ι
82 3780 190 3861 concipi
213 3798 306 3862 posse
327 3787 406 3863 quot
419 3782 584 3860 vocabula,
605 3788 684 3866 quot
709 3801 831 3859 seusus,
854 3799 930 3863 quas
956 3781 1056 3844 varias
1082 3782 1222 3846 rationes

10 3935 16 3975 ι
82 3888 215 3960 preclare
240 3880 413 3971 eloquendi
438 3885 577 3973 cogitata
603 3891 733 3968 mentis,
763 3885 881 3970 linguae
903 3888 993 3970 inopi
1014 3889 1136 3970 (utpote
1154 3904 1223 3950 nas·

12 4025 20 4036 ·
82 3993 162 4077 cuti)
183 3995 311 4061 Liviam
329 3998 492 4063 suffecerit
512 4000 662 4082 Odyssea.
688 4000 770 4080 Ergo
797 3997 913 4062 habuit
939 3998 1026 4060 unde
1053 3997 1154 4061 multa
1173 4015 1223 4059 su⁴

89 4160 93 4184 ,
609 4171 613 4174 ,
960 4170 1010 4191 ἰ,
1073 4171 1085 4177 .,
1153 4170 1189 4192 Η,

104 4287 135 4356 (1)
150 4289 357 4359 1111111111,
371 4293 493 4346 rcere.
