2790 4770
519 337 793 402 ·-107—

114 475 249 556 dusque,
274 491 315 536 ne
336 455 537 553 superbiores
563 475 734 555 aequalium
763 492 854 537 aures
887 474 1074 537 ostenderet.
1089 505 1130 522 -
1149 474 1269 538 Deinde

113 580 193 644 illud
219 585 369 659 praestare
400 582 516 644 tentavi
548 585 595 657 ut,
623 583 808 664 fragmentis
830 581 909 646 Livii
939 583 1085 664 Odysseae
1113 583 1270 665 Enniique

112 691 233 752 Medeae
245 690 336 770 juxta
351 690 525 752 Homerum
545 696 577 754 et
590 691 775 771 Euripidem
791 688 962 770 dispositiS,
980 688 1054 751 vitia
1074 694 1128 752 aut
1141 690 1270 752 virtutes

114 794 382 873 interpretationis
413 794 520 858 latinae
559 796 755 858 manifestius
778 800 978 875 apparerent.
1010 795 1130 858 Ennius
1152 795 1270 857 Graecae

114 899 266 963 orationis
293 899 511 964 incitationem
541 909 675 965 conatur
695 901 831 983 assequi,
848 903 952 966 Livius
966 909 1073 967 autem
1088 903 1271 984 diligentior

113 1009 147 1069 id
161 1009 287 1072 videtur
309 1010 467 1072 studuisse
491 1016 526 1074 ut
546 1011 832 1092 quamsaepissime
851 1012 983 1075 verbum
996 1015 1092 1077 verbo
1110 1013 1269 1076 redderet.

114 1115 226 1177 Postea
238 1116 360 1190 Gicero,
377 1134 476 1194 quum
491 1117 605 1179 rudem
625 1117 870 1198 inchoatamque
894 1117 1034 1199 linguam
1052 1120 1137 1182 velut
1149 1118 1272 1181 beredi-

115 1226 214 1284 tatem
229 1238 248 1280 a
261 1213 435 1300 majoribus
450 1223 598 1303 cepisset,
613 1223 873 1303 praestantissima
890 1225 1018 1287 Graeoiae
1037 1225 1162 1304 ingenia
1175 1223 1272 1286 voluit

115 1325 280 1389 aemulari:
300 1327 375 1389 dum
388 1345 462 1390 vero
473 1334 510 1390 ut
522 1328 659 1410 singulas
677 1329 846 1392 verborum
864 1347 1032 1409 rerumque
1041 1329 1207 1393 varietates
1222 1347 1271 1391 ex·

115 1434 233 1515 primat
247 1434 389 1511 enititur,
407 1436 432 1496 si
461 1453 614 1516 magnum
632 1439 818 1514 Homerum,
833 1441 902 1499 tum
922 1437 1025 1516 copia,
1037 1446 1107 1500 tum
1119 1437 1272 1500 brevitate

115 1542 308 1617 mirabilem,
324 1543 491 1618 convertit,
508 1548 673 1611 enervatus
683 1546 825 1624 languet;
840 1543 866 1605 si
878 1544 1080 1624 Sophoclem,
1097 1563 1168 1607 vere
1179 1548 1272 1625 poeta

115 1650 216 1712 Graiae
227 1649 501 1710 Camenaeattlatus
515 1646 641 1729 spiritu;
654 1647 680 1709 si
699 1649 836 1729 denique
846 1651 990 1725 Aratum,
1004 1651 1198 1712 versificator
1212 1650 1270 1710 ali-

114 1756 241 1836 quoties
261 1755 481 1835 peritissimus,
507 1757 623 1836 saepius
646 1761 753 1819 autem
772 1758 880 1819 tardus
902 1757 1138 1838 implicitusque
1159 1756 1273 1819 merito

110 1863 287 1944 judicatur.
309 1864 448 1940 Excepto
475 1846 560 1924 enim
583 1864 731 1939 Homero,
750 1864 805 1944 qui
822 1881 912 1943 spem
929 1864 1074 1925 imitandi
1104 1863 1199 1926 cuivis
1220 1863 1273 1923 ab·

114 1968 215 2044 stulit,
240 1973 335 2048 prout
360 1969 423 2030 alta
449 1968 616 2031 humilisve
645 1970 746 2032 Graeci
766 1970 954 2049 exemplaris
973 1971 1075 2032 oratio
1091 1976 1148 2044 est,
1163 1971 1273 2032 Cicero

115 2082 349 2157 autpropter«
375 2077 703 2159 magniloquentiam»
729 2077 851 2140 laudari
878 2077 1040 2163 debet,aut
1058 2085 1275 2158 propterlme·

114 2188 320 2250 diocritatem
336 2188 519 2269 vituperari.

158 2297 308 2377 Sequitur
323 2302 359 2360 ut
371 2299 503 2360 doceam
523 2303 679 2378 quantum
694 2315 751 2376 per
765 2300 948 2359 Graecorum
963 2293 1242 2386 interpretationes
1256 2310 1275 2354 a

113 2407 202 2469 Livio
215 2425 316 2486 usque
344 2407 383 2468 ad
405 2407 588 2469 Ciceronem
608 2407 743 2485 poeticae
767 2407 848 2468 ratio
870 2422 907 2466 ac
932 2404 1073 2466 metricae
1089 2401 1289 2513 profecerit·

116 2517 281 2597 quomodo
304 2514 426 2577 Tullius
454 2515 533 2594 ipse,
561 2515 726 2577 Lucretius
748 2513 866 2592 aliique
888 2512 1082 2574 muniverint
1097 2511 1167 2586 iter,
1189 2509 1275 2590 quod

115 2631 230 2706 sponte
256 2622 389 2703 ingressi
415 2624 501 2684 Maro
516 2628 548 2684 et
564 2623 724 2697 Horatius,
742 2622 872 2702 proprio
887 2620 1004 2699 ingenii
1021 2620 1128 2681 colore
1142 2624 1275 2694 servato,

117 2752 301 2816 quanquam
327 2735 453 2795 Graecos
484 2732 602 2794 fuerint
628 2728 754 2805 imitati,
782 2745 963 2806 sermonem
981 2727 1121 2807 patrium
1145 2742 1275 2805 remque

118 2839 288 2902 metricam
301 2839 339 2899 ad
356 2856 514 2900 summam
535 2838 663 2899 demu'm
680 2837 840 2898 adduxere
860 2835 1101 2915 perfectionem.

160 2941 202 3003 Ut
229 2940 343 3002 Fabius
361 2944 470 3005 Pictor
487 2944 599 3005 solutae
613 2943 775 3019 orationis,
794 2941 841 3004 sic
853 2942 957 3020 prima
970 2939 1149 3002 carminum
1164 2955 1278 2999 monu-

120 3052 231 3111 menta
250 3054 422 3130 exegerunt
442 3049 643 3112 Andronicus
657 3050 845 3130 Naeviusque
865 3055 958 3129 poeta
971 3049 1024 3130 (l).
1043 3047 1148 3109 Ambo
1161 3046 1277 3124 liuguae

121 3156 228 3217 adhuc
253 3155 410 3218 haesitanti
438 3154 554 3218 certius
580 3173 682 3236 quam¹
692 3161 784 3217 antea
807 3155 954 3217 definitos
977 3156 1093 3217 dedere
1105 3171 1276 3215 numeros:

120 3263 178 3323 sed
205 3265 312 3323 utrum
336 3263 381 3324 illi
406 3261 597 3343 syllabarum
626 3261 776 3341 prosodia
794 3266 950 3336 constent,
976 3267 1011 3322 ut
1027 3278 1134 3322 versus
1144 3260 1204 3323 iste
1225 3260 1279 3323 Sa-

120 3366 258 3443 turnius,
275 3368 365 3448 cujus
381 3370 432 3431 lex
454 3371 548 3447 paulo
566 3369 677 3431 durior
692 3368 733 3449 (Ξ)
752 3370 972 3432 alerentiano
988 3369 1096 3432 Mauro
1121 3367 1279 3446 descripta

120 3475 175 3536 his
189 3475 223 3541 in
239 3476 433 3539 carminibus
447 3476 563 3556 legitur
577 3477 615 3557 (3)
632 3497 639 3538 ε

129 3679 134 3686 ’
159 3673 196 3738 (l)
213 3672 269 3723 vid.
286 3673 315 3724 H.
331 3672 416 3739 Egger.
432 3671 511 3743 aeliq.
525 3688 549 3725 v.
564 3689 582 3724 s.
597 3690 623 3741 p.
641 3677 697 3726 tlt.

158 3754 195 3820 (2)
213 3754 302 3805 Atilius
315 3754 470 3815 Fortunatus,
486 3771 539 3822 cap.
555 3760 579 3816 8,
592 3773 616 3824 p.
635 3760 692 3817 323,
702 3756 829 3807 Gaist.-«
837 3756 873 3806 Ile
887 3755 1001 3818 Saturnio
1011 3772 1081 3806 versu
1094 3755 1224 3805 dicendum
1235 3765 1279 3814 est,

120 3855 197 3906 quem
209 3840 287 3890 nostri
303 3839 502 3891 existimaverunt
514 3841 641 3909 proprium
655 3858 705 3892 esse
718 3841 809 3892 Italicae
822 3841 935 3908 regionis.
954 3841 977 3891 A
994 3841 1083 3892 Graecis
1096 3841 1162 3890 enim
1178 3839 1244 3891 varie
1257 3850 1282 3892 et

121 3923 207 3976 multis
219 3924 296 3974 modis
309 3934 426 3974 tractatus
438 3932 482 3984 est,
497 3941 547 3975 non
561 3927 663 3976 soluma
676 3925 785 3988 comicis,
803 3926 844 3976 sed
862 3925 936 3976 etiam
952 3942 966 3976 a
980 3925 1077 3990 tragicis
1088 3934 1100 3987 3·
1111 3924 1188 3975 nostri
1200 3935 1281 3976 autem

123 4010 230 4076 antiqui,
246 4019 275 4060 ut
289 4025 344 4059 vere
355 4009 435 4059 dicam
448 4011 514 4075 quod
525 4020 636 4077 apparet,
650 4011 685 4060 usi
698 4021 753 4060 sunt
762 4029 800 4072 eo,
811 4028 860 4059 aon
871 4009 993 4059 observata
1008 4010 1071 4077 lege,
1086 4027 1129 4058 nec
1141 4027 1188 4058 uno
1196 4025 1284 4076 genere

122 4092 243 4144 custodito
256 4094 318 4142 inter
330 4111 356 4143 se
368 4111 467 4152 cersusr
482 4095 524 4145 sed
537 4105 697 4162 praeterquam
710 4097 777 4162 quod
790 4095 929 4146 durissimos
941 4094 1060 4160 fecerunt,
1071 4095 1145 4145 etiam
1157 4093 1217 4144 alios
1227 4087 1283 4142 bre·

123 4181 214 4242 riores,
228 4179 288 4230 alios
297 4179 416 4246 longiores
430 4180 594 4243 inseruerunt,
610 4193 636 4232 ut
650 4182 694 4232 oia
703 4180 910 4252 invenerim-apud
921 4182 1029 4232 Naevium
1043 4198 1102 4252 quos
1113 4197 1159 4249 pro
1171 4176 1280 4248 exemplo

120 4279 246 4333 ponerem.
259 4283 273 4308 a

160 4349 196 4414 (a)
214 4347 271 4402 aar.
286 4347 364 4402 usur.
378 4349 409 4400 aa
422 4312 517 4404 meurs.
