2790 4770
619 302 797 389 ..234

129 480 219 526 suam
235 469 416 544 opportuna
430 464 625 526 derivatione
640 464 806 540 convertit,
825 465 929 525 sinon
948 452 1280 526 «incurvicervicum»

129 572 277 652 [exempli
290 569 400 652 gratia)
417 572 559 646 adhibet,
577 573 651 652 quia
665 570 831 653 κορταυχένα
853 573 1002 635 dixerunt
1015 572 1171 649 Hellenas,
1187 574 1212 634 si
1230 573 1286 635 de-

128 680 228 758 nique
239 678 360 758 judicio
375 679 584 740 transferendi
601 686 632 741 et
647 681 744 742 modo
759 679 907 742 imitandi
929 686 1121 742 consecutus
1142 687 1199 754 est,
1222 685 1286 741 «ut

128 787 218 866 quod
234 786 316 867 apud
332 786 439 866 ipsum
461 787 633 866 legerimus
648 789 789 850 alienum
813 788 927 850 melius
947 805 1045 867 quam
1065 787 1120 849 nbi
1145 787 1285 866 primurn

126 893 188 957 fuit
210 894 373 972 usitatum,
396 912 507 957 sonare
524 896 679 958 miremur
699 897 753 976 (l),
769 920 783 956 n
810 903 842 959 at
866 896 952 958 idem
974 896 1155 975 aliquoties,
1180 916 1287 959 versus

127 1001 304 1078 moliendo,
321 1002 454 1064 licenter
469 1003 591 1079 scribit,
606 1022 769 1085 quumque
782 1006 915 1067 verbum
926 1005 1022 1067 verbo
1037 1004 1172 1067 reddere
1185 1011 1288 1068 tentat

127 1110 298 1187 interpres,
313 1108 470 1170 vocabula
485 1108 633 1187 quaedam
649 1109 688 1171 ad
704 1127 822 1172 nomen
840 1108 958 1185 addita,
980 1129 1052 1189 quae
1067 1111 1115 1172 vel
1132 1111 1163 1171 in
1176 1113 1287 1173 carmi·

127 1218 225 1280 nibus
239 1217 327 1279 Arati
342 1218 513 1280 Homerive
538 1217 655 1280 frustra
672 1217 892 1297 requiruntur,
914 1237 1008 1279 ansus
1029 1225 1076 1281 est
1097 1220 1286 1297 admiscere,

125 1322 262 1404 perinde
275 1339 312 1384 ao
326 1321 352 1382 si
369 1322 529 1401 majorum
549 1322 760 1385 hereditatem
781 1340 846 1384 ase
870 1328 1051 1402 susceptam
1076 1325 1218 1403 profiteri
1233 1344 1288 1387 vo-

125 1435 249 1497 luisset.
268 1433 343 1508 Quis
361 1433 446 1496 enim
462 1431 586 1495 dubitet
600 1432 676 1512 quin
690 1432 810 1507 Cicero,
828 1432 931 1493 sinon
948 1432 1132 1507 Pacuvium,
1147 1433 1287 1495 Ennium

125 1547 214 1603 certe
228 1541 416 1621 magistrum
437 1539 560 1601 ditandi
582 1539 737 1600 sermonis
759 1538 918 1613 habuerit,
942 1555 1044 1617 quum
1067 1538 1138 1601 haec
1160 1538 1287 1618 scripsit

125 1647 278 1726 epitheta,
296 1663 435 1727 quorum
449 1647 572 1727 aliquot
587 1647 744 1708 aMarone
759 1650 888 1725 recepta
902 1644 1128 1726 cognovimus?

165 1861 305 1942 AEstifer,
322 1864 407 1923 Arat.
425 1862 542 1936 Plan,
559 1865 628 1924 328.
746 1859 898 1937 Mortifer,
915 1864 1004 1922 Arat.
1021 1861 1140 1935 Paeo,
1155 1860 1226 1921 632.

165 1969 306 2048 Aeriper,
323 1969 417 2029 Hom.
432 1969 473 2030 Il.
492 1969 529 2048 β’,
542 1971 612 2030 306.
746 1968 887 2048 Semifer,
902 1969 991 2044 ibid,
1009 1970 1080 2031 286.

167 2077 359 2154 Clarisooos,
377 2079 463 2138 Anat.
489 2076 608 2151 Plan,
632 2080 701 2139 507.
745 2075 894 2158 Sipoifer,
912 2078 1000 2152 iota„
1018 2080 1087 2140 554.

167 2185 347 2261 Horrificus,
361 2183 449 2260 ibid,
466 2187 535 2246 339.
747 2183 896 2265 Spinifer‚
914 2185 1003 2262 told,
1019 2188 1088 2248 398.

167 2292 321 2369 Homrser,
338 2290 428 2369 iota„
445 2294 514 2354 956.
744 2292 936 2371 Squamiqer,
952 2293 1042 2359 told„
1060 2296 1128 2354 547.

165 2397 292 2478 Iqoiser,
308 2398 399 2476 told,
416 2400 485 2461 313.
743 2400 895 2479 δίοίἰὲρεν,
910 2399 1002 2475 ibid,
1020 2403 1089 2462 462.

164 2510 296 2587 leemas,
312 2507 403 2584 idid,
421 2509 491 2571 338.
748 2507 925 2588 Tristifioos,
939 2508 1026 2584 told,
1042 2509 1111 2569 9¹2.

164 2617 348 2696 Mollipedes,
370 2615 456 2693 istd,
473 2619 543 2678 955.
747 2614 910 2695 (imbrifer,
925 2616 1018 2677 Hom.
1033 2616 1071 2678 ll.
1088 2615 1122 2694 β’,
1137 2619 1207 2678 307.

162 2832 309 2911 Exceptis
320 2831 423 2894 tribus
436 2832 596 2910 epithetis,
613 2833 667 2891 illa
680 2832 787 2892 omnia
810 2829 851 2911 (h)
867 2832 1091 2893 tantummodo
1118 2848 1192 2892 oum
1208 2850 1281 2894 ver-

155 3087 193 3152 (l)
211 3084 281 3146 Quod
294 3087 324 3136 de
337 3084 439 3152 Virgilio
454 3085 517 3135 dixit
528 3053 673 3145 Macrobius,
687 3084 743 3149 jure
757 3083 888 3132 dicendum
899 3083 929 3131 de
943 3080 1061 3131 Cicerone
1072 3079 1215 3131 existimavi.

156 3171 193 3236 (2)
210 3170 278 3222 Licet
291 3171 400 3222 versibus
414 3171 482 3221 Arati
496 3169 585 3231 absint,
601 3170 672 3236 plura
684 3179 765 3219 tamen
780 3167 864 3218 Graeeo
877 3167 945 3217 sonte
958 3168 1062 3227 cadunt,
1078 3165 1115 3216 uti

470 3293 581 3359 Armiger,
598 3291 630 3341 ef.
646 3292 810 3359 χρυσοφόρος.

469 3376 615 3435 Clarisonus,
630 3375 661 3426 cf.
677 3376 865 3442 λαμπρόφωνος.

469 3460 612 3528 Horrificus,
630 3460 661 3509 cf.
679 3459 830 3527 φρικοποιός.

466 3546 588 3610 Humiser,
603 3544 634 3596 ci.
649 3543 790 3610 ὑγροποιός.

465 3631 566 3697 lgnifer,
581 3630 613 3679 cf.
629 3628 779 3696 πυροφόρος.

466 3716 572 3785 Levium,
588 3713 620 3767 ci.
637 3714 761 3770 ὠκύπους.

466 3801 575 3866 Semifer,
590 3798 622 3850 ci.
637 3800 739 3866 ἡμιθήρ.

465 3888 580 3959 Spinrfer,
595 3887 626 3937 ci.
644 3884 821 3952 ἀκανθοφόρος,

466 3973 615 4042 Squamiger,
634 3971 666 4021 cf.
681 3970 838 4028 λεπιδοειδής.

467 4056 607 4124 Tristificas,
623 4056 654 4107 ci.
673 4053 807 4123 χαροποιός
819 4050 955 4119 (laetificus).

468 4142 595 4209 Umbrifer,
612 4140 644 4192 ci.
661 4140 802 4208 σκιοφὸρος.

113 4265 180 4314 lluic
193 4263 268 4313 indici
280 4263 337 4313 addi
352 4273 447 4330 possent
460 4285 472 4308 (ι
488 4261 583 4312 anxiier
596 4286 607 4306 »ι
620 4271 657 4311 ter
672 4261 697 4310 in
709 4276 754 4310 usu
776 4257 842 4324 apud
854 4256 1006 4316 Ciceronem,
1021 4263 1045 4304 et
1060 4277 1072 4296 ιι
1085 4252 1206 4302 vestificus
1217 4273 1229 4297 ι,
1243 4268 1273 4302 ex

111 4350 170 4400 loco
184 4349 226 4398 ubi
243 4350 352 4401 dolorem
363 4350 429 4416 luget
441 4349 564 4399 Hercules.
