2790 4770
540 411 739 473 -159-

475 627 573 679 VAPdA
591 626 795 679 FRAGMENTA.

438 742 573 800 Πλάτωνος
589 742 715 802 Πολιτεία,
730 742 794 806 βιόλ.
807 742 839 789 A.

188 897 282 960 Δοκεῖ
295 895 353 990 γοίρ
370 923 422 987 μοι
438 904 548 988 χρῆναι
565 890 650 986 παρὰ
667 896 768 960 αὐτῶν
792 888 1005 973 πυνθάνεσθαι,
1029 895 1128 980 ὥσπερ
1150 888 1221 956 τινὰ

58 1010 133 1085 όδὸν
152 1016 419 1110 προεληλυθότων,
433 1019 469 1095 ἢν
485 1017 535 1086 καὶ
554 1023 635 1111 ἡμεῖς
651 1015 723 1094 ἴσως
739 1007 843 1091 δεησει
862 1015 1064 1108 πορεύεσθαι,
1080 1012 1155 1080 ποία
1174 1014 1221 1092 τίς

59 1146 139 1226 ἐστι,
157 1134 283 1236 τραχεῖα
309 1144 360 1210 καὶ
378 1146 513 1235 χαλεπὴ,
535 1140 554 1217 ἢ
583 1133 674 1235 ροιδία
692 1142 743 1209 καὶ
764 1141 903 1233 εὔπορος.
932 1125 1010 1233 [Καὶ
1032 1130 1070 1213 δη
1091 1137 1143 1205 καὶ
1167 1149 1221 1205 σοι)

59 1258 159 1344 ἡδέως
180 1261 215 1332 ἂν
232 1270 382 1360 πυθοίμην
399 1270 458 1348 ό,τι
473 1294 522 1335 σοι
537 1266 678 1361 φαίνεται
700 1276 808 1352 τοῦτο,
830 1256 935 1341 ἐπειδὴ
963 1266 1094 1333 ἐνταῦθα
1114 1257 1177 1339 ἤδη
1196 1260 1223 1331 εἷ

64 1402 120 1470 τῆς
133 1390 263 1472 ἡλικίας,
280 1390 295 1459 ὃ
313 1385 352 1470 δὴ
372 1395 422 1462 ἐπὶ
440 1396 554 1488 γύραος
569 1386 650 1481 οὐδῷ
673 1392 763 1486 φασὶν
790 1388 909 1460 εἶναιοὶ
932 1391 1073 1480 ποιηταὶ,
1093 1390 1222 1483 πότερον

61 1520 196 1612 χαλεπὸν
216 1530 272 1587 τοῦ
294 1519 374 1606 βίου,
398 1519 416 1596 ἢ
435 1531 500 1598 πῶς
527 1523 562 1587 σὺ
579 1521 652 1587 αὐτὸ
670 1505 886 1615 ἐξαγγελλεις].
908 1503 982 1610 Εγόι
1004 1515 1068 1596 σοι,
1094 1518 1163 1609 ἔφη,
1187 1521 1222 1592 νὴ

63 1644 116 1711 τὸν
139 1642 200 1710 Δία
220 1647 289 1736 ἐρῶ,
320 1640 536 1737 ῶΣώκρατες,
561 1642 623 1712 οἷόν
643 1646 673 1738 γ’
701 1642 769 1736 ἐμοὶ
796 1642 947 1737 φαίνεται.
973 1640 1130 1720 Πολλάκις
1164 1639 1222 1735 γὰρ

65 1766 272 1859 συνερχόμεθά
291 1794 368 1848 τινες
385 1768 425 1848 είς
443 1769 551 1848 ταύτὸ,
573 1768 791 1862 παραπλησίαν
812 1764 933 1842 ἠλικίαν
953 1767 1086 1858 ἔχοντες,
1107 1757 1224 1832 διασῶ-
1304 1805 1305 1809 =

65 1884 166 1970 ζοντες
184 1892 238 1963 τὴν
260 1892 395 1961 παλαιὰν
415 1891 592 1988 παροιμίαν.
619 1894 661 1959 Οί
685 1889 736 1961 οὖν
752 1898 892 1962 πλεῖστοι
910 1899 996 1985 ημῶν
1019 1891 1223 1982 ὀλοφύρονται

67 2010 231 2100 ξυνιόντες,
248 2014 304 2097 τδις
327 2021 356 2085 ἐν
375 2030 416 2114 τῇ
433 2021 554 2096 νεότητι
579 2010 693 2100 η’δονδις
716 2019 879 2099 ποθοῦντες
908 2018 960 2088 καὶ
989 2018 1224 2112 ἀναμιμνησκό-

67 2168 149 2234 μενοι
169 2141 240 2235 περὶ
258 2136 444 2237 τάφροδίσια
462 2146 596 2240 καὶπερὶ
614 2147 728 2226 πότους
744 2146 796 2212 καὶ
816 2145 944 2239 εὐωχίας
963 2149 1017 2213 καὶ
1040 2143 1111 2213 ἄλλ’
1127 2142 1223 2227 ἄττα,

68 2263 160 2334 ἂτῶν
179 2270 325 2337 1τοιούτων
341 2271 461 2363 ἔχεται·
479 2272 531 2338 καὶ
547 2273 770 2366 ἀγανακτοῦσιν
786 2277 825 2349 ὡς
850 2273 990 2368 μεγαλων
1010 2279 1100 2339 τινῶν
1126 2268 1224 2341 ἀπεσ-

68 2396 236 2488 τερημένοι,
252 2393 305 2461 καὶ
323 2400 396 2464 τότε
414 2397 468 2489 μὲν
496 2394 528 2463 εὖ
553 2388 675 2479 ζῶντες,
695 2407 744 2464 νῦν
779 2385 814 2462 δὲ
834 2389 908 2464 οὐδὲ
929 2390 1053 2476 ζῶντες.
1086 2379 1169 2466 ίίνιοι
1189 2388 1225 2464 δὲ

69 2520 116 2587 καὶ
136 2518 193 2599 τὰς
213 2530 275 2588 τῶν
296 2520 410 2589 οἰκείων
429 2522 666 2618 προπηλακίσεις
694 2534 749 2592 τοῦ
770 2524 869 2620 γήρως
891 2518 1068 2618 ὀδύρονται,
1094 2526 1146 2593 καὶ
1174 2525 1224 2594 ἐπὶ

69 2651 170 2736 τούτῳ
190 2638 228 2723 δὴ
249 2648 286 2714 τὸ
305 2658 401 2743 γῆρας
425 2654 586 2741 ὑμνοῦσιν,
605 2654 675 2718 όσον
692 2659 792 2719 κακῶν
813 2651 912 2745 σφίσιν
937 2649 1047 2721 αἴτιον.
1076 2637 1158 2744 Ἐμοὶ
1187 2642 1222 2718 δὲ

69 2764 221 2857 δοκοῦσιν,
240 2769 265 2838 ὦ
283 2774 456 2868 Σώκρατες,
476 2774 562 2844 οὗτοι
586 2780 619 2843 οὐ
645 2779 681 2844 τὸ
711 2775 809 2844 αἴτιον
836 2776 1004 2844 αἰτιᾶσθαι.
1037 2775 1074 2841 Εἰ
1097 2773 1155 2870 γὰρ
1184 2770 1221 2847 ἦν

69 2908 160 2967 τοῦτο
182 2897 292 2977 αἴτιον,
314 2893 369 2989 κᾷν
388 2903 447 2994 ἐγὼ
464 2898 506 2967 τὰ
520 2898 601 2968 αὐτὰ
620 2911 720 2968 ταῦτα
738 2902 923 2987 ἐπεπόνθειν,
945 2899 1033 2966 ἕνεκιί
1052 2924 1087 2993 γε
1110 2903 1222 2993 γήρως,

69 3023 117 3090 καὶ
135 3023 166 3090 οἱ
185 3020 273 3090 ἄλλοι
299 3023 415 3103 πάντες
433 3027 500 3092 όσοι
524 3026 657 3094 ἐνταῦθα
679 3025 770 3102 ἦλθον
793 3025 933 3105 ἡλικίας·
953 3035 1004 3092 νῦν
1032 3017 1063 3090 δ’
1082 3024 1141 3118 ἐγὼ
1158 3011 1221 3097 {An

68 3150 254 3240 ἐντετύχηκα
272 3150 330 3239 οὐχ
344 3152 442 3227 οὕτως
461 3151 563 3241 ἔχουσι
578 3148 630 3215 καὶ
650 3145 767 3234 σίλλοις,
772 3197 870 3220 ........
889 3148 1070 3218 πανιυίπασι
1083 3144 1141 3242 γίιρ
1162 3153 1223 3213 τῶν

67 3297 100 3367 γε
115 3273 265 3341 τοιούτων
286 3275 314 3338 ἐν
334 3281 379 3362 τῷ
395 3278 476 3370 γήρᾳ
491 3276 590 3350 πολλὴ
611 3273 710 3367 ιίρύνη
733 3273 851 3369 γίνεται
869 3273 922 3341 καὶ
942 3271 1105 3367 ἐλευθερία.
1128 3256 1223 3337 Επει-

69 3392 124 3469 δίιν
136 3398 196 3496 γὰρ
217 3400 248 3467 αἱ
263 3401 421 3494 ἐπιθυμίαι
437 3406 617 3469 παύσωνται
635 3400 872 3471 κατατείνουσαι
886 3401 937 3469 καί
951 3400 1126 3493 χαλοίσωσι,
1145 3423 1222 3466 παν-

69 3527 187 3595 τάπασι
204 3533 240 3595 τό
267 3537 322 3595 τοῦ
344 3529 533 3620 Σοφοκλέους
559 3526 691 3622 γίνεται·
714 3520 876 3596 δεσποτῶν
903 3527 984 3595 πάνυ
1011 3531 1134 3595 πολλῶν
1158 3525 1224 3591 ἔστι

69 3651 117 3717 καί
146 3651 334 3743 μαινομένων
360 3650 570 3746 ἀπηλλάχθαι.
594 3640 685 3721 Ᾱλλίι
711 3654 763 3721 καὶ
788 3655 908 3722 τούτων
933 3653 1001 3746 πέρι
1027 3650 1163 3718 καὶτῶν
1189 3674 1224 3743 γι

69 3775 141 3865 πρὸς
159 3774 231 3851 τοὺς
246 3771 384 3855 οἰκείους,
403 3774 458 3869 μία
478 3803 523 3856 τις
543 3775 628 3844 αἰτία
647 3778 743 3864 ἐστίν,
766 3782 801 3846 οὐ
820 3779 857 3846 τὸ
875 3789 984 3874 γῆρας,
1004 3774 1223 3870 ὦΣώκρατες,

68 3902 134 3969 αλλ’
150 3907 166 3969 ό
185 3904 299 3998 τρόπος
315 3910 375 3970 τῶν
395 3904 573 3998 ἀνθρώπων.
588 3892 633 3970 Ᾰν
651 3904 705 3997 μίν
725 3902 784 4001 γὰρ
804 3906 926 3999 κόσμιοι
943 3906 994 3974 καί
1011 3907 1131 3974 εόκολοι
1154 3901 1222 3989 ὦσι,

67 4023 169 4091 καὶτὸ
191 4034 287 4119 γῆρας
306 4024 436 4119 μετρίως
453 4027 534 4095 ἐστὶν
557 4025 721 4096 ἐπίπονον*
738 4029 763 4096 εί
787 4021 822 4096 δὲ
841 4033 896 4121 μή,
914 4030 965 4097 καὶ
981 4039 1089 4126 γῆρας,
1112 4025 1135 4093 ὦ
1159 4026 1225 4090 Σεύ-

68 4172 187 4242 κρατες,
207 4146 258 4216 καί
280 4148 385 4229 νεότης
409 4154 530 4244 χαλεπὴ
555 4165 600 4244 τῷ
623 4157 756 4243 τοιούτῳ
782 4149 940 4248 ξυμόαίνει
944 4203 1017 4225 ......
1049 4149 1146 4246 Οἶμαί
1172 4178 1224 4219 σου

69 4276 139 4356 τοὺς
153 4278 299 4364 πολλοὺς,
315 4277 389 4344 όταν
408 4288 510 4347 ταῦτα
523 4283 628 4376 λέγῃς,
645 4285 700 4350 οὐκ
715 4273 935 4376 ἀποδέχεσθαι,
951 4283 1020 4350 ἀλλ’
1039 4277 1177 4376 ἡγεῖσθαί
1191 4303 1225 4345 σι

70 4393 180 4492 ῥοίδίως
198 4400 234 4472 τό
254 4411 351 4500 γῆρας
370 4406 483 4500 φύρειν,
508 4409 542 4475 οὐ
562 4398 617 4476 διὰ
635 4408 690 4477 τὸν
710 4409 844 4504 τρόπον,
872 4407 955 4477 ἀλλὰ
979 4399 1088 4475 διὰτὸ
1107 4404 1225 4479 πολλὴν
