2790 4770
605 303 784 366 ..61-

505 543 661 598 EURIPIDIS
676 543 876 597 FRAGMENTA.

443 713 543 797 Eurip„
560 718 650 776 orest„
666 714 677 763 1
694 720 719 794 et
732 727 785 780 sqq.
799 712 848 779 (ed.
864 710 944 777 nid).

219 841 288 907 Οὐκ
304 839 383 907 ἔστιν
405 830 494 907 οὐδὲν
516 829 614 905 δεινὸν
633 827 690 903 ὧδ’
706 835 798 905 εἰπεῖν
819 836 905 922 έπος,
983 883 985 887 ψ

219 952 289 1031 οὐδὲ
303 961 412 1049 ποίθος,
428 953 498 1030 οὐδὲ
516 955 655 1056 ξυμφορὰ
672 960 832 1047 θεήλατος,

218 1086 254 1168 ιθς
274 1091 329 1157 οὐκ
345 1081 380 1154 θεν
400 1083 504 1182 ἄραιτ’
516 1082 610 1181 ἄχθος
625 1087 907 1182 ἀνθρώπουριθσις.

441 1274 652 1336 Gie.,rusc.,1v,
669 1277 709 1335 19,
725 1277 757 1328 63
770 1273 819 1343 (ed.
836 1273 930 1341 Orelli).

215 1405 312 1475 Neque
324 1417 390 1460 nam
403 1400 533 1459 terribilis
544 1401 599 1459 ulla
613 1399 696 1459 fando
710 1400 799 1459 oratio
814 1409 865 1468 est,
921 1403 923 1406 ’

216 1507 269 1548 nec
280 1506 351 1565 sors,
365 1505 418 1549 nee
431 1491 472 1548 ira
487 1490 610 1549 eoelitum
620 1490 761 1549 invectum
776 1491 893 1559 malum,

217 1579 290 1654 quod
302 1596 361 1639 non
372 1589 472 1639 natura
485 1579 608 1639 humana
622 1579 753 1654 patiendo
766 1580 879 1639 ecferat.

550 1741 646 1802 seen„
664 1746 710 1794 εει
727 1719 751 1794 ει
766 1744 823 1802 525.

218 1888 312 1984 Εἴπερ
329 1884 388 1984 γὰρ
407 1879 522 1957 ἀδικεῖν
541 1893 613 1983 χρὴ,
629 1880 807 1983 τυραννίδος
821 1888 890 1980 πέρι

217 2014 381 2084 κοῦιλιστον
401 2006 516 2083 ἀδικεῖν
532 2041 540 2058 ·
556 2010 660 2082 τᾶλλα
676 2005 705 2079 δ’
723 2007 853 2081 εθσεθεῒν
867 2015 965 2107 χρεών
982 1999 1046 2105 (ι).

432 2165 435 2171 ’
506 2191 569 2254 cie,
584 2189 616 2240 ee
628 2191 695 2258 oss„
710 2188 752 2251 111,
769 2192 810 2251 21,
825 2194 865 2243 ια.

217 2315 289 2369 Nam
302 2310 324 2367 si
336 2309 495 2385 violandum
509 2319 552 2370 est
561 2312 618 2386 jus,
628 2310 762 2386 regnandi
776 2311 871 2386 gratis·

218 2399 374 2458 violandum
385 2411 427 2459 εει
439 2421 446 2458 :
463 2400 523 2458 aliis
534 2401 618 2460 rebus
633 2401 765 2475 pietatem
779 2400 866 2458 colas.

391 2565 420 2618 ln
433 2565 533 2635 Cresph.
550 2564 658 2634 (Eurip.,
672 2568 828 2634 Fragmenta,
844 2581 897 2632 pag.
913 2566 981 2631 728).
1065 2591 1068 2596 ·

219 2706 320 2820 Ἐχρῆν
336 2721 389 2814 μὲν
407 2723 488 2814 ἡμᾶς
507 2721 655 2816 σύλλογον
675 2720 872 2814 ποιουμένους

218 2845 271 2914 τὸν
290 2846 389 2939 φύντα
407 2845 534 2939 θρηνεῖν,
551 2844 590 2926 εἰς
612 2848 656 2913 ὄπ’
674 2845 797 2938 ἔρχεται
818 2839 911 2930 κακὰ,

219 2972 271 3040 τὸν
295 2963 323 3038 δ’
340 2968 376 3039 αθ
392 2970 522 3041 θανόντα
541 2971 593 3039 καὶ
612 2971 711 3039 πόνων
731 2972 926 3064 πεπαυμένον
946 2984 949 2989 ’
1018 3004 1020 3008 ·

217 3097 381 3193 χαίροντας
397 3101 606 3193 εὐφημοῦντας
628 3099 792 3192 ἐκπέμπειν
808 3087 930 3191 δόμων.
983 3164 986 3168 ,

527 3283 589 3342 eie„
607 3287 688 3345 Tusa„
701 3282 721 3342 l,
739 3284 854 3343 48,115.

218 3418 291 3477 Nam
303 3434 355 3476 nos
369 3418 493 3487 decebat,
507 3429 595 3478 coetus
607 3419 789 3490 celebrantes,
802 3419 917 3479 domum

218 3507 322 3580 lugere,
335 3506 382 3564 ubi
395 3516 468 3565 esset
479 3509 576 3582 aliquis
586 3509 614 3564 in
624 3509 713 3566 lucem
728 3507 830 3580 editus,

219 3598 350 3655 humanae
364 3598 428 3655 vilae
439 3599 514 3655 varia
529 3606 690 3672 reputantes
704 3598 794 3656 mala:
849 3610 851 3614 ⁴

116 3739 120 3750 ,
218 3693 259 3756 at,
274 3685 321 3758 qui
330 3685 438 3743 labores
453 3693 543 3743 morte
557 3686 663 3743 finisset
676 3701 783 3759 graves,

217 3773 292 3831 hune
302 3773 378 3832 omni
392 3774 497 3832 amieos
509 3774 589 3832 laude
601 3782 629 3833 et
644 3773 737 3832 laetits'a
752 3773 875 3848 exsequi.

146 4156 184 4222 (l)
201 4154 255 4222 lpse
267 4164 349 4206 sutem
361 4170 429 4205 socer
441 4153 464 4221 (Ι
468 4193 473 4203 .
490 4153 576 4213 Ceasar,
592 4170 649 4205 nam
663 4154 692 4204 de
707 4153 821 4221 Pompeio
843 4153 933 4220 agitur)
951 4152 977 4202 ἰιι
1000 4169 1042 4203 ore
1058 4166 1153 4218 semper
1167 4148 1265 4202 Graecos

112 4253 194 4288 versus
206 4235 236 4287 de
247 4235 375 4287 Phoenissis
386 4235 500 4296 habebat,
514 4251 573 4301 quos
584 4234 673 4293 dicem,
689 4244 716 4285 ut
729 4243 830 4301 potero;
851 4232 975 4284 incondite
995 4232 1103 4293 foreasse,
1118 4230 1160 4283 sed
1172 4239 1264 4292 tamen,

111 4333 141 4375 ut
153 4321 303 4389 reeintelligi
314 4322 390 4390 possit
402 4320 479 4388 (cie,
493 4319 525 4370 de
536 4320 604 4387 0sf.,
616 4318 659 4381 ΙΙΙ,
671 4321 724 4386 21).
