2790 4770
671 335 868 397 -196-

193 483 361 571 μελλωσιν·
384 485 480 559 οὕτως
498 481 536 569 ,οἱ
555 483 800 574 προκόπτοντες,
822 480 909 575 ἄχρις
937 509 952 549 ο

192 599 297 688 ἔωσιν,
312 605 438 677 ἀνόητοι
457 605 508 672 καὶ
529 605 677 699 μοχθηροὶ
697 600 915 700 διαμένουσιν.

225 752 309 830 -Ut
322 749 397 805 euim
414 749 460 823 qui
480 749 599 808 demersi
614 754 721 808 suntin
741 769 827 826 aqua,
842 754 931 811 nihilo
946 755 1037 826 magis
1056 755 1194 826 respirare
1211 763 1345 826 possunt,

187 839 282 896 sinon
301 839 381 912 ionge
398 840 500 897 absunt
517 856 533 896 a
552 856 679 909 summo,
692 849 723 898 ut
739 841 911 916 jamjamque
928 844 1032 914 possint
1045 835 1202 916 emergere,
1217 859 1304 915 quam
1319 845 1342 900 si

177 929 271 995 ¹etiarn
282 937 342 985 tum
360 930 490 986 essentia
507 930 646 1003 profundo
665 949 671 986 :
690 947 742 989 neo
761 934 869 989 ontuius
885 933 947 1001 ilie,
965 934 1010 1005 qui
1023 934 1084 1007 Jam
1095 932 1303 1005 appropinquat
1315 942 1345 988 ut

184 1015 286 1086 videat,
298 1018 358 1090 plus
368 1018 457 1076 cernit
466 1034 551 1091 quam
561 1018 583 1074 is
596 1019 641 1093 qui
652 1019 736 1078 modo
749 1029 792 1077 est
800 1030 898 1092 natus3
912 1023 951 1078 ita
961 1023 1007 1095 qni
1018 1022 1152 1094 processit
1165 1021 1341 1094 aliquantum

184 1106 462 1176 advirtutisoditum‚
474 1106 653 1164 nihilominus
669 1109 699 1165 in
709 1109 819 1166 miseria
830 1118 870 1166 est
884 1126 967 1183 quam
984 1111 1041 1181 ilie,
1061 1111 1106 1183 qui
1124 1109 1193 1166 nihii
1209 1109 1344 1182 processit

179 1194 253 1268 (oop.
271 1196 323 1268 tt).

193 1472 196 1478 ·
238 1459 290 1469 —
311 1405 379 1490 Τῶν
407 1423 527 1518 ἀγαθῶν
549 1421 589 1492 τὰ
612 1426 665 1518 μὲν
693 1407 766 1492 ιῖναι
794 1425 911 1512 τελικὰ,
930 1424 973 1493 τὰ
992 1418 1027 1494 θὲ
1051 1430 1211 1511 ποιητικὰ,
1235 1424 1278 1494 τὰ
1301 1419 1335 1493 δὲ

180 1546 351 1621 τιλικθικαὶ
370 1537 543 1623 ποιητικαί(
557 1551 620 1617 Τὸν
640 1550 693 1642 μὲν
717 1547 766 1618 οὖν
790 1551 925 1642 φίλον,ιι

180 1678 269 1767 μένας
289 1673 445 1763 ὠφελείας,
465 1673 611 1749 ποιητικὰ
628 1668 700 1741 εἶναι
716 1675 836 1770 ἀγαθοί·
854 1676 962 1769 θιίρσος
982 1668 1017 1744 Si
1032 1676 1083 1744 καὶ
1111 1677 1270 1772 φρόνημα,
1287 1679 1339 1746 καὶ

182 1799 345 1893 ελεοθερίαν
366 1801 417 1868 καὶ
437 1797 540 1894 τέρψιν
560 1801 612 1867 καὶ
633 1803 828 1896 εὐφροσύνην
848 1802 900 1869 καὶ
919 1801 1065 1899 ἀλυπίαν,
1086 1800 1138 1875 καὶ
1158 1808 1264 1871 πᾶσαν
1282 1807 1338 1880 τὴν

181 1928 249 1994 κατ’
267 1927 376 2020 αἱρετὴν
394 1918 516 2012 πρᾶξιν,
535 1925 653 2010 τελικοί.
836 1910 840 1915 ’

212 2073 381 2146 -Sequitur
393 2073 437 2128 itta
450 2072 548 2128 divisio
562 2080 593 2127 ut
605 2072 745 2129 bonorum
758 2073 810 2128 aliu
825 2074 880 2151 sint
893 2073 929 2131 ad
941 2074 1006 2132 iliud
1021 2074 1150 2132 ultimum
1161 2075 1334 2147 pertinentia

176 2168 216 2228 sio
232 2164 307 2220 enim
319 2163 459 2236 appeliant
470 2179 531 2236 quae
542 2165 768 2230 ratiatdiountur
778 2207 868 2224 .....
872 2168 895 2238 );
911 2167 965 2223 alia
976 2174 1083 2235 autem,
1096 2165 1249 2242 efficientia
1267 2170 1340 2240 (quoe

175 2254 266 2312 Graeci
280 2253 420 2325 ποιητικά);
437 2255 489 2311 alia
504 2250 662 2330 utrumque.
677 2261 720 2313 De
731 2255 932 2328 pertinentibus
947 2255 1017 2312 nihii
1030 2264 1071 2313 est
1087 2256 1213 2327 bouum,
1234 2267 1340 2330 praeter

175 2345 295 2402 actiones
307 2344 454 2414 honestes;
467 2344 501 2402 de
512 2345 707 2414 efficientibus,
718 2344 786 2400 nihii
798 2354 899 2418 praeter
909 2344 1031 2402 amioum
1041 2344 1110 2418 (cap.
1131 2349 1184 2412 16).

170 2602 173 2615 ’
224 2647 284 2705 ῥ-
297 2620 366 2686 Τῶν
383 2608 642 2715 σροηγμένοιν,τθι
653 2621 705 2713 μὲν
719 2612 760 2686 δι’
771 2621 846 2688 αὐτὰ
859 2630 1021 2713 προῆκται,
1038 2620 1078 2688 τὰ
1092 2614 1138 2705 it,
1154 2615 1196 2689 δι’
1209 2626 1304 2717 ἕτερα
1318 2648 1324 2662 ·

173 2729 218 2812 τα
236 2737 282 2830 δὲ,
300 2744 350 2811 καὶ
371 2736 412 2810 δι’
432 2742 512 2811 αὐτὰ
527 2747 580 2811 καὶ
599 2735 640 2811 δι’
660 2735 763 2838 ἔτερα.
786 2749 829 2811 Δι’
853 2744 934 2813 αὐτὰ
952 2748 1016 2840 μὲν,
1039 2743 1156 2841 εὐφυΐα,
1176 2730 1334 2844 προκοπὴ,

178 2875 230 2939 καὶ
252 2869 292 2938 Ιτθι
312 2865 422 2964 ὅμοια
443 2863 484 2936 δι’
505 2875 594 2964 ἕτερα
619 2863 667 2952 δὲ,
695 2878 839 2960 πλοῦτος,
861 2876 1004 2966 εὐγένεια,
1026 2872 1078 2940 καὶ
1099 2873 1138 2940 τὰ
1157 2876 1264 2967 ὅμοια.
1289 2878 1335 2944 Δι’

178 2996 259 3064 αὐτὰ
276 2987 310 3063 δὲ
329 2998 380 3064 καὶ
400 2989 440 3063 δι’
460 3000 558 3090 ἕτερα,
577 2996 673 3088 ἰσχὺς,
693 2998 889 3083 εὐαισθησία,
911 2999 1066 3091 ἀρτιότης.
1092 3000 1140 3066 Δι’
1164 2996 1247 3068 αὐτὰ
1267 3001 1335 3093 μὲν,

178 3123 226 3187 ὅτι
246 3116 328 3186 κατὰ
346 3122 434 3210 φύσιν
449 3117 528 3185 ἐστί·
552 3110 592 3183 δι’
612 3122 702 3209 ἕτερα
721 3111 770 3203 δὲ,
785 3121 836 3186 ὅτι
852 3129 1003 3213 περιποιεῖ
1014 3120 1116 3214 χρείας
1136 3127 1191 3191 οὐκ
1213 3123 1334 3219 ολίγας.

212 3301 247 3311 -
256 3271 334 3336 Haeo,
343 3283 404 3339 queo
414 3267 696 3346 praepositadicimus,
709 3268 809 3338 partim
818 3272 883 3323 suut
893 3284 940 3340 per
950 3284 978 3324 se
989 3268 1047 3339 ipsa
1058 3271 1219 3341 praeposita,
1230 3273 1336 3344 partim

131 3399 136 3408 .
176 3358 251 3433 quod
262 3356 366 3430 aliquid
377 3356 509 3423 efficiunt,
524 3357 623 3428 partim
642 3365 788 3427 utrumque
802 3376 807 3408 :
821 3372 869 3428 per
882 3373 925 3427 se,
940 3366 972 3412 ut
984 3357 1098 3430 quidam
1111 3359 1222 3417 habitus
1236 3363 1296 3419 oris
1308 3372 1338 3420 et

176 3450 277 3515 vultus,
294 3456 326 3503 ut
345 3449 436 3516 ssatus,
451 3456 481 3503 ut
491 3456 586 3502 motus
598 3466 604 3502 :
617 3447 643 3501 iu
660 3446 759 3518 quibus
773 3454 879 3501 suntet
894 3446 1080 3518 praepoueuda
1100 3447 1230 3520 quaedam
1245 3460 1275 3507 et
1290 3468 1334 3509 re·

175 3536 310 3610 jicienda:
324 3535 375 3591 alia
387 3536 493 3591 obeam
507 3552 563 3591 rem
576 3535 720 3607 praeposita
732 3533 805 3606 quod
815 3549 849 3589 ex
860 3548 888 3589 se
898 3532 1004 3606 aliquid
1014 3533 1142 3601 efficiant,
1153 3544 1184 3591 ut
1193 3538 1330 3609 pecunia:

177 3626 230 3682 aiio
243 3633 336 3682 autem
351 3626 385 3682 oh
397 3633 542 3698 utromque
557 3640 627 3696 rem,
640 3632 671 3681 ut
681 3623 781 3696 integri
792 3638 898 3692 sensus,
909 3631 941 3679 ut
950 3622 1022 3680 bona
1032 3624 1162 3682 ualetudo
1173 3624 1245 3699 (cop.
1262 3627 1315 3698 17).

231 3940 283 3952 ·-
294 3908 358 3978 Τὴν
369 3905 443 3996 πρὸς
453 3900 591 3970 τὰτέκνα
602 3902 818 3995 φιλοστοργίαν
830 3906 958 3993 φυσικὴν
969 3898 1055 3970 εἶναι.
1067 3908 1149 3974 Item
1162 3894 1172 3973 :⁷
1184 3909 1242 3980 τὴν
1256 3909 1333 4000 πρὸς

166 4030 218 4098 ’τα
227 4034 318 4098 τέκνα
328 4028 542 4123 φιλοστοργίαν
554 4029 649 4118 ἀρχὴν
660 4032 730 4119 ἡμῖν
743 4025 955 4104 κοινωνίαςκαὶ
966 4017 1159 4107 δικαιοσύνης
1167 4027 1332 4122 τιθέμενοι.

183 4172 186 4177 ’
212 4225 242 4233 -
256 4234 263 4249 .
278 4236 284 4248 .
297 4230 304 4245 .
316 4195 421 4248 Natura
434 4189 491 4246 fieri
504 4198 534 4245 ut
542 4190 619 4246 liberi
632 4206 647 4245 a
659 4189 818 4261 ponentibus
830 4198 976 4246 amentur:
989 4205 1005 4247 a
1017 4206 1072 4262 quo
1082 4191 1161 4248 initio
1172 4191 1331 4265 proiectam

164 4295 352 4361 {communem
365 4299 480 4357 humaui
495 4296 603 4369 generis
616 4295 776 4356 societatem
789 4296 980 4367 persequimur
990 4301 1061 4367 (cap.
1078 4302 1131 4364 19).
