2790 4770
596 218 797 282 -277-

160 353 226 429 Qua
251 358 291 420 de
322 365 420 435 11,11
443 360 525 422 inter
548 377 658 421 omnes
681 363 815 435 constat,
841 358 956 422 erravit
969 357 1042 420 ille:
1061 357 1126 419 imo
1143 371 1176 418 se
1187 370 1275 415 erra-

120 459 201 524 visse
228 465 317 544 quasi
347 466 520 542 denuntiat,
545 484 643 546 quum
670 467 820 528 Catonem
847 466 971 528 inducit
997 466 1039 527 ita
1065 466 1251 543 loquentem

123 590 139 626 «
152 571 295 652 Itemque
309 576 384 638 hino
401 593 468 638 esse
480 576 559 637 illud
575 579 733 650 exortum,
751 576 835 654 quod
859 578 945 636 Zeno
963 570 1136 657 Προηγμένον
1153 574 1277 632 eontra·

120 693 183 754 que
208 683 294 759 quod
308 682 537 765 Ἇποπροηγμένον
562 683 748 758 nominavit,
777 701 876 762 quum
890 688 1031 745 uteretur
1055 680 1087 741 in
1101 680 1210 757 lingua
1220 693 1278 738 co-

120 785 209 864 piosa
229 790 319 853 factis
341 798 448 854 tamen
473 791 656 853 nominibus
670 810 707 854 ae
723 793 827 868 novis,
851 793 935 871 quod
957 791 1048 852 nobis
1063 789 1097 849 in
1112 788 1172 848 hac
1188 783 1276 861 inopi

121 892 228 973 lingua
255 915 319 960 non
339 900 535 963 conceditur.
565 901 750 980 Quanquam
770 905 806 962 tu
833 901 915 962 hanc
938 897 1153 977 copiosiorem
1179 894 1277 957 etiam

121 1001 227 1065 dicere
243 1008 324 1068 soles
346 1008 397 1088 (1).
410 1029 425 1068 u

162 1114 306 1177 Ciceroni
330 1117 461 1196 quidem
490 1115 742 1191 101111111111,
768 1115 958 1195 Catonisque
981 1113 1171 1178 sententiam
1187 1111 1279 1173 valde

121 1222 320 1301 probandam
332 1231 410 1303 puto
423 1242 431 1286 ε
444 1223 553 1285 Latina
568 1225 654 1287 enim
664 1223 769 1304 lingua
784 1225 883 1286 multo
897 1223 1000 1285 minus
1013 1223 1166 1303 locuples,
1182 1235 1280 1299 quam

122 1333 241 1405 Graeca,
260 1332 376 1394 merito
392 1333 604 1397 existimatur.
624 1335 781 1393 Praetcrea
796 1348 923 1393 necesse
944 1331 1003 1393 fuit
1018 1331 1174 1405 eamdem,
1193 1328 1279 1407 quod

121 1441 264 1500 nondum
292 1440 397 1502 latinis
424 1441 538 1502 litteris
567 1443 750 1502 Graecorum
769 1439 969 1519 philosophia
989 1437 1278 1516 luisse-texpliceta,

121 1544 269 1624 plurimis
296 1547 424 1627 inopem
451 1565 518 1609 esse
545 1547 659 1621 verbis,
690 1546 805 1626 quibus
833 1545 997 1624 sapientiae
1021 1546 1164 1608 studium
1190 1542 1280 1622 quasi

122 1651 252 1730 privatis
268 1655 366 1714 utitur
377 1672 414 1716 ac
429 1655 503 1715 suis.
521 1655 640 1715 Tullius
656 1655 799 1732 profecto
818 1655 856 1714 ad
873 1653 1029 1727 Atticum,
1050 1654 1118 1714 fere
1134 1654 1281 1712 Graecum

122 1757 303 1830 hominem,
330 1763 524 1841 respondeus
552 1764 660 1823 Graeca
685 1761 859 1839 saepissime
881 1759 1010 1823 adhibet
1034 1758 1186 1822 vocabula
1209 1756 1283 1838 (scit

124 1865 259 1927 enimse
276 1866 320 1928 ita
332 1867 425 1946 plane
442 1867 481 1927 ab
499 1867 603 1929 amico
627 1853 773 1948 intelligi)
793 1884 801 1928 :
818 1868 872 1928 sed
888 1865 1023 1927 inlibris
1039 1863 1278 1944 philosophicis,

124 1990 224 2052 quum
251 1990 288 2035 ea
311 1975 406 2036 vellet
428 1975 579 2050 scribere,
606 1994 676 2054 quae
702 1981 733 2037 et
748 1975 872 2037 indocti
900 1975 1077 2054 intelligere
1092 1977 1281 2053 possentet

124 2080 211 2141 docti
227 2080 329 2159 legere
346 2088 504 2156 curarent,
524 2080 610 2142 omni
626 2100 686 2160 ope
701 2088 732 2144 et
751 2099 847 2161 opera
861 2082 967 2143 enisus
984 2087 1031 2143 est
1052 2086 1088 2142 ut
1100 2080 1198 2142 latine
1212 2085 1283 2141 tan-

123 2188 399 2266 tumloqueretur.
416 2190 525 2268 Itaque
540 2191 574 2251 in
599 2191 694 2252 rebus
716 2191 873 2253 inusitatis
897 2189 995 2270 (quod
1009 2190 1110 2252 Graeoi
1128 2188 1188 2267 ipsi
1200 2189 1286 2249 fece·
1384 2218 1387 2223 >

124 2302 196 2358 rant
207 2298 292 2378 (2)‚a
308 2298 422 2377 quibus
436 2298 506 2359 haec
524 2299 592 2377 jam
612 2299 666 2360 diu
687 2298 918 2377 tractabantur)
932 2299 978 2360 uti
994 2298 1099 2359 verbis
1121 2298 1283 2358 interdum

124 2403 275 2481 inauditis
290 2411 344 2466 aut
358 2404 516 2467 translatis
533 2406 654 2506 debuit.
682 2407 827 2481 Quamvis
840 2408 969 2469 vocibus
989 2406 1141 2480 abundet,
1166 2412 1201 2468 ut
1215 2406 1283 2484 ipse

124 2511 262 2574 affirmat
275 2513 328 2593 (3),
348 2512 516 2591 aliquoties
540 2519 647 2574 tamen
665 2513 763 2574 animi
785 2515 912 2594 pendet,
929 2514 1011 2574 hanc
1027 2531 1065 2573 an
1082 2513 1169 2574 illam
1183 2512 1223 2594 (1)
1242 2513 1280 2573 ad

124 2640 254 2687 sensum
274 2625 455 2706 diligentius
470 2625 701 2704 explanandum
716 2623 819 2704 eligat.

159 2921 196 2985 (1)
214 2923 251 2968 De
260 2920 316 2972 Fir.
332 2919 376 2980 lll,
393 2924 432 2972 15.

160 3007 197 3074 (2)
216 3007 286 3069 Quod
298 3009 318 3058 si
332 3009 358 3057 in
378 3025 404 3058 ea
419 3008 515 3074 lingua,
529 3025 603 3074 quam
617 3007 728 3074 plerique
741 3008 882 3058 uberiorem
897 3016 997 3073 putant,
1014 3022 1151 3056 concessum
1166 3022 1180 3055 a
1194 3003 1287 3055 Graecia

125 3104 171 3156 est,
187 3102 215 3143 ut
232 3093 365 3143 doctissimi
384 3091 496 3142 homines
511 3094 541 3142 de
559 3093 632 3143 rebus
650 3109 699 3142 non
717 3094 873 3160 pervulgatis,
896 3091 1020 3142 inusitatis
1041 3092 1122 3142 serbis
1140 3100 1286 3142 uterentur:

125 3188 219 3244 quanto
232 3178 259 3227 id
270 3178 341 3228 nobis
355 3179 431 3243 magis
442 3187 477 3228 est
492 3178 683 3239 eoncedendum,
699 3177 741 3244 qui
756 3194 783 3228 ea
795 3194 862 3228 nunc
871 3178 977 3244 primum
990 3178 1107 3227 audemus
1115 3177 1233 3243 attingere
1246 3175 1288 3240 (de

126 3262 181 3311 Fir.
198 3261 240 3321 lll,
255 3263 301 3327 2)?

160 3348 197 3413 (3)
217 3346 252 3397 De
270 3347 354 3412 lingua
368 3347 443 3396 latina
458 3347 537 3396 securi
549 3364 573 3396 es
587 3347 676 3408 animi,
693 3348 766 3407 dices,
782 3347 824 3413 qui
838 3348 896 3397 talia
908 3346 1049 3396 conscribis.
1069 3346 1208 3413 ’.Ᾰπὸγραφα
1220 3355 1286 3406 111111;

125 3431 221 3481 minore
235 3430 318 3480 labore
334 3430 406 3480 stiunt
417 3449 422 3480 :
437 3429 511 3480 rerba
520 3440 615 3481 tantum
629 3431 713 3490 aliero,
730 3431 818 3497 quibus
828 3431 926 3480 abundo
936 3430 1024 3498 (Epist.
1035 3427 1069 3477 ad
1077 3435 1130 3482 Ate.
1141 3429 1195 3493 llll,
1211 3430 1262 3494 12).
1273 3437 1277 3454 ·

160 3515 198 3579 (l)
215 3514 271 3565 Vid.
286 3514 368 3583 Epist.
380 3513 638 3574 1111111111.-
650 3514 749 3577 «Nunc,
762 3517 793 3565 ad
807 3532 859 3564 rem
870 3524 899 3565 ut
912 3516 1018 3574 redeam,
1032 3512 1136 3562 inhibere
1150 3514 1212 3564 illud
1221 3524 1289 3564 tuum

127 3596 195 3663 quod
203 3597 273 3646 valde
285 3596 347 3646 mihi
361 3597 485 3656 arriserat,
499 3597 654 3647 vehementer
668 3598 788 3663 displicet.
801 3599 831 3648 Et
844 3597 910 3647 euim
920 3597 1020 3647 verbum
1032 3606 1127 3646 tantum
1141 3606 1219 3647 totum
1229 3614 1289 3647 nau-

43 3694 54 3708 ·
127 3682 214 3733 ticum.
231 3679 376 3747 Quanquam
386 3682 411 3730 id
420 3681 519 3747 quidem
533 3681 638 3732 sciebam
645 3699 653 3745 ;
667 3684 707 3733 sed
718 3683 855 3734 arbitrabar
868 3683 980 3733 sustineri
994 3699 1081 3742 remos,
1093 3699 1169 3748 quum
1181 3681 1292 3732 inhibere

51 3812 56 3819 .
128 3774 210 3817 essent
221 3766 323 3831 remiges
334 3765 405 3831 jussi.
421 3765 448 3815 ld
463 3762 512 3815 non
523 3782 573 3815 esse
587 3767 712 3831 ejusmodi,
728 3767 802 3816 didici
816 3767 878 3826 heri,
897 3783 974 3833 quum
988 3768 1019 3819 ad
1034 3767 1116 3817 villam
1129 3777 1236 3817 nostram
1247 3783 1292 3816 na·

127 3850 165 3901 vis
178 3850 351 3917 appellaretur.
364 3850 417 3899 Non
431 3850 497 3901 enim
508 3851 635 3912 sustinent,
649 3852 690 3901 sed
701 3852 749 3901 alio
763 3853 835 3902 modo
848 3851 976 3918 remigant.
992 3851 1020 3900 ld
1033 3851 1166 3917 111Ἐποχῇ
1180 3851 1292 3901 remotis·

132 3935 222 3985 simum
235 3944 278 3986 est.
291 3934 362 3985 Dices
371 3934 419 3984 hoe
429 3934 494 3984 idem
503 3935 616 3994 Varroni,
632 3935 652 3984 si
661 3935 723 3986 lorte
734 3935 847 3987 11111111.
862 3935 912 3986 Nec
922 3945 957 3986 111
966 3936 1051 3985 melius
1063 3935 1205 4001 quidquam,
1219 3952 1292 4001 quam

131 4027 160 4068 ut
171 4017 288 4069 Lucullus
298 4037 305 4070 t

384 4127 488 4167 sustineat
497 4138 594 4176 currum,
608 4133 630 4169 ut
641 4129 703 4168 bonu·
715 4139 769 4178 serpe
780 4127 877 4178 agitator,
889 4138 1007 4176 equosque:

132 4252 276 4305 semperque
289 4236 426 4290 (3111611111
439 4241 568 4308 Προΰολήν
580 4241 669 4308 pugilis
681 4252 706 4292 et
720 4216 874 4291 retentionem
886 4239 984 4306 surige,
999 4239 1103 4290 similem
1115 4239 1174 4291 lacit
1187 4241 1293 4309 Ἓποχῇ,
