2790 4770
642 310 842 376 -214-

156 443 258 535 victus
283 450 453 527 exponitur
478 469 485 511 :
510 468 589 530 quos
619 455 715 530 negat
739 453 780 512 ad
809 469 924 531 panem
950 450 1101 515 adhibere
1128 449 1314 530 quidquam,

161 558 278 634 praeter
292 557 484 619 nasturtium
500 559 553 635 (Ι).

199 661 276 736 Gic,
292 662 469 738 cheoect,
485 666 585 742 cap.9
601 683 608 724 :
622 697 662 709 -
672 666 769 746 Cyrus
783 665 915 744 quidem
925 666 1009 746 apud
1020 666 1266 744 chephontem
1281 682 1317 726 eo

158 784 315 845 sermone,
343 787 439 849 quem
465 771 604 832 moriens
625 770 748 848 habuit,
780 790 881 851 quum
906 772 1083 835 admodum
1105 792 1203 835 senex
1226 780 1317 850 esset,

159 883 253 956 negat
265 895 298 939 se
313 895 455 958 unquam
470 878 603 940 sensisse
618 885 814 942 senectutem
830 898 921 941 suam
936 879 1178 943 imbecilliorem
1191 882 1317 957 laetam,

160 1005 257 1068 quam
283 989 496 1051 adolescentia
522 989 633 1052 luisset
654 990 704 1070 (2).
727 1023 762 1034 -
788 992 882 1066 Idem,
907 992 944 1052 de
970 989 1092 1054 Senect.
1117 994 1167 1055 Me
1190 1012 1263 1056 rero
1292 997 1321 1055 et

157 1094 338 1175 magisteria
352 1095 511 1157 delectant
528 1115 545 1158 a
567 1097 742 1176 majoribus
760 1096 917 1174 instituta3
937 1103 969 1162 et
983 1099 1008 1160 is
1030 1119 1146 1177 sermo,
1162 1101 1218 1181 qui
1234 1118 1322 1163 more

159 1202 318 1280 majorum
334 1219 352 1261 a
368 1219 494 1268 summo
511 1202 685 1266 adhibetur
710 1206 742 1267 in
756 1206 896 1285 poculis;
910 1214 941 1269 et
951 1210 1078 1287 pocula,
1092 1210 1177 1273 sicut
1192 1211 1225 1271 in
1240 1227 1323 1291 sym-

160 1311 250 1392 posio
266 1313 498 1390 Xenophontis,
514 1314 637 1374 minuta
653 1319 749 1393 atque
765 1315 905 1376 rorantia
920 1314 974 1396 (3).

204 1418 281 1494 cic,
299 1419 336 1479 de
351 1421 469 1495 Dicta,
485 1422 508 1495 Ι,
525 1438 594 1498 cap.
612 1423 672 1482 54:
691 1455 728 1466 -
741 1423 808 1482 Hoc
824 1419 978 1483 nimirum
1000 1428 1048 1484 est
1062 1422 1155 1497 illud,
1174 1426 1261 1502 quod
1286 1427 1324 1486 de

160 1526 286 1587 Socrate
302 1525 496 1604 accepimus,
511 1530 663 1609 quodque
681 1530 721 1591 ab
743 1529 813 1607 ipso
830 1506 967 1591 inlibris
988 1531 1225 1592 Socraticorum
1243 1550 1326 1612 saepe

72 1710 73 1715 γ
161 1633 290 1708 dicitur,
319 1652 386 1698 esse
414 1634 557 1698 divinum
587 1636 757 1717 quiddam,
782 1639 870 1716 quod
898 1639 1069 1698 dardanico
1092 1641 1249 1719 appellat,
1276 1639 1326 1700 cui

162 1760 290 1822 semper
315 1744 382 1822 ipse
405 1745 556 1821 paruerit,
584 1763 749 1826 nunquam
772 1744 961 1824 impellenti,
979 1763 1062 1826 saepe
1081 1747 1244 1814 revocanti
1263 1747 1321 1828 (l).

165 1854 205 1914 Et
223 1853 369 1913 Socrates
391 1849 523 1930 quidem
542 1851 619 1932 (quo
634 1872 731 1931 quem
755 1859 920 1925 auctorem
933 1855 1097 1916 meliorem
1117 1856 1326 1936 quaerimusll

165 1959 369 2037 Xenophonti
400 1958 588 2029 consulenti,
606 1964 834 2038 sequereturne
858 1961 985 2042 Cyrum,
1006 1966 1329 2043 posteaquam'expo·

166 2069 240 2144 suit,
270 2086 341 2149 quaa
365 2067 426 2129 sibi
451 2067 652 2142 videbantur,
673 2089 688 2125 (ι
702 2072 734 2128 et
756 2073 901 2128 nostrum
922 2067 1063 2147 quidem,
1080 2069 1197 2148 inquit,
1219 2070 1331 2132 huma-

166 2195 245 2238 num
271 2182 319 2239 est
342 2175 527 2250 consilium;
543 2176 610 2259 ¹sed
627 2176 666 2235 de
695 2175 789 2237 rebus
804 2182 836 2236 et
859 2176 1003 2238 obscuris
1024 2184 1056 2241 et
1080 2177 1210 2241 incertis
1223 2181 1268 2261 (⁰)
1293 2182 1331 2243 ad

170 2284 350 2361 Apollinem
378 2300 491 2345 censeo
521 2283 739 2357 referendum3
769 2284 807 2344 ad
824 2302 921 2362 quem
937 2285 1033 2346 etiam
1047 2286 1261 2364 Athenienses
1279 2309 1334 2368 pu·

168 2389 251 2451 blice
274 2390 313 2451 de
332 2389 509 2468 majoribus
532 2389 626 2452 rebus
641 2407 768 2468 semper
782 2390 1023 2470 retuleruntld).
1039 2412 1053 2448 ν
1277 2388 1281 2395 ’

164 2531 1328 2581 --------Ι-ᾒ-----,-

206 2637 242 2703 (1)
261 2635 299 2686 cf.
313 2634 436 2703 Xenoph.,
451 2634 529 2699 Dice,
544 2635 571 2686 l:
584 2655 596 2679 ιι
611 2636 648 2684 ob
662 2635 730 2701 παρὰ
739 2635 813 2700 μητρὶ
824 2632 951 2685 σιτοῦνται
964 2637 986 2685 ol
1000 2635 1243 2701 reiterationem
1254 2638 1291 2702 τῷ
1303 2638 1337 2687 δι-

171 2723 295 2786 δασκάλῳ,
319 2724 378 2773 ὅταν
395 2723 416 2771 σί
436 2718 553 2787 ἄρχοντες
574 2720 715 2784 σημήνωσι.
736 2719 860 2785 Φέρονται
875 2719 902 2768 δὲ
918 2717 1016 2770 οἴκοθεν
1036 2719 1078 2786 μὲν
1093 2721 1193 2785 ἄρτους,
1215 2718 1281 2785 ὄψον
1301 2721 1337 2782 δὲ,

172 2808 309 2875 κάρδαμον.
323 2829 336 2853 ν

206 2894 242 2960 (2)
261 2891 297 2943 Cf.
309 2890 431 2957 Xenoph„
447 2890 523 2950 Dice,
537 2887 608 2939 l'lll:
623 2910 635 2933 ιι
650 2891 731 2938 Ὥστε
746 2891 788 2940 καὶ
796 2888 888 2954 τούμὸν
899 2888 976 2953 γῆρας
991 2887 1150 2938 οὐδεπώποτε
1163 2888 1280 2952 ήσθόμην
1296 2889 1340 2950 τῆς

177 2981 237 3045 ἐμῆς
251 2979 367 3037 νεότητος
378 2977 554 3040 ἀσθενέστερον
568 2974 723 3039 γιγνόμενον.
739 2995 750 3017 ν

209 3066 243 3129 (3)
263 3062 299 3114 Cf.
309 3062 532 3130 Xenoplr.,Syn1p.‚
544 3059 575 3118 ll,
588 3062 633 3108 26:
643 3081 776 3111 ........
780 3056 810 3120 ἢν
824 3059 844 3108 δ’
855 3049 912 3122 ἡμῖν
926 3060 948 3108 oi
959 3058 1044 3113 παῖδες
1057 3058 1156 3124 μικραῖς
1168 3057 1247 3114 κύλιξι
1258 3059 1341 3110 πυκνὰ

178 3149 381 3214 ἐπιψεκάζωσιν..
392 3184 398 3195 .
410 3184 415 3196 .
427 3183 432 3196 .
453 3167 466 3190 ν

210 3233 253 3283 llla
268 3241 362 3283 tantum
376 3231 449 3281 verba
464 3230 555 3297 protuli
569 3246 621 3295 qum
635 3228 729 3278 Tullius
743 3229 926 3295 interpretatur,
941 3245 971 3278 ne
985 3227 1074 3277 lruslra
1087 3227 1207 3294 legentem
1220 3245 1342 3282 morarer.

213 3319 249 3383 (l)
268 3316 303 3369 Cl.
317 3314 441 3382 xenoph,
456 3321 567 3379 Merme„
581 3314 606 3364 l:
621 3337 632 3359 ιι
649 3314 839 3380 Διειεθρύλλητο
857 3315 903 3378 γὰρ
918 3316 951 3369 ὡς
963 3314 1020 3378 φαίη
1033 3314 1202 3379 Σωκράτηςτὸ
1211 3315 1342 3380 δαιμόνιον
1365 3337 1369 3343 ·

179 3405 260 3468 ἑαυτῷ
271 3403 406 3468 σημαίνειν.
429 3423 440 3445 ιι
453 3401 528 3451 Paulo
543 3410 597 3467 post
613 3417 619 3451 :
634 3401 794 3466 «Σωκράτης
807 3397 826 3448 δ’
841 3400 924 3462 ὥσπερ
944 3399 1105 3462 ἐγίγνωσκεν,
1118 3398 1198 3456 οὕτως
1210 3397 1291 3463 ἔλεγε.
1307 3400 1343 3450 ‘l'b

178 3491 304 3555 δαιμόνιον
319 3490 365 3555 γὰρ
379 3488 423 3551 ἔφη
439 3488 581 3550 σημαίνειν·
594 3487 635 3536 καὶ
652 3486 749 3542 πολλοῖς
764 3486 812 3534 τῶν
830 3484 947 3540 ξυνόντων
959 3484 1129 3551 προσηγόρευε
1148 3483 1237 3548 τὰμὲν
1251 3485 1344 3547 ποιεῖν,

179 3578 210 3625 τὰ
225 3575 251 3624 δὲ
262 3575 293 3638 μὴ
304 3572 390 3629 ποιεῖν,
408 3573 440 3627 ὡς
453 3570 497 3620 τοῦ
510 3570 639 3636 δαιμονίου
655 3571 879 3637 προσημαίνοντος.
894 3589 905 3611 ν
916 3567 983 3616 ldem
1002 3567 1066 3616 cirea
1080 3567 1163 3626 linem,
1182 3566 1229 3616 IV:
1249 3589 1262 3611 ιι
1274 3569 1304 3617 Εἰ
1317 3569 1344 3618 δέ
1380 3602 1385 3609 -

179 3678 214 3719 τις
230 3663 268 3710 ’ότι
281 3659 422 3724 φάσκοντος
438 3657 515 3705 αὐτοῦ
536 3657 563 3705 τὸ
582 3657 708 3721 δαιμόνιον
731 3657 812 3719 ἑαυτῷ
824 3655 1001 3721 προσημαίνειν
1017 3654 1061 3704 ἅτε
1079 3653 1130 3702 δέοι
1146 3652 1188 3702 καὶ
1205 3649 1221 3703 ἃ
1242 3655 1276 3718 μὴ
1293 3653 1347 3704 δέοι

418 3744 525 3792 ικαστῶν
541 3728 700 3806 κατεγνώσθη
716 3742 828 3800 θάνατος,
844 3750 908 3790 etc...
927 3761 939 3784 ν
951 3738 1000 3789 lllis
1012 3738 1092 3788 verbis
1104 3737 1278 3788 desiderantur
1291 3738 1346 3788 baec

111 3839 114 3845 '
181 3830 322 3883 Ciceronis:
336 3851 347 3873 ιι
359 3844 535 3892 nonnunquam
548 3828 691 3895 impellenti,
707 3843 768 3894 saepe
782 3826 915 3877 revocanti.
932 3847 943 3869 ν

217 3919 253 3981 (5)
271 3914 308 3964 dl.
324 3913 449 3978 Xenoplu,
464 3917 572 3970 Memor..
590 3912 610 3974 l,
625 3914 698 3978 paulo
713 3921 781 3978 post:
797 3933 808 3956 «
883 3911 945 3976 Περὶ
955 3910 981 3959 δὲ
991 3911 1040 3959 τῶν
1055 3910 1151 3968 ἀδήλων
1167 3911 1235 3965 ὅπως
1251 3909 1349 3968 &nodil-

182 4020 263 4063 σοιτο,
281 3998 477 4063 μαντευομένους
490 3997 595 4062 ἔπεμπεν
612 3999 632 4046 εἰ
642 3998 753 4056 ποιητέα.
771 4017 782 4038 ιι

216 4087 251 4151 (o)
269 4083 324 4132 vid.
338 4080 459 4146 Xenoph,
470 4079 610 4139 Arrab.,lib.
625 4079 667 4137 ΙΙΙ,
681 4096 756 4145 quum
771 4079 800 4128 de
812 4095 837 4127 se
849 4079 900 4144 ipso
911 4076 1068 4126 narranshaec
1075 4075 1161 4126 scribit
1174 4093 1179 4124 z
1194 4098 1206 4120 ιι
1216 4075 1250 4125 Ὅ
1259 4077 1348 4140 μέντοι

182 4172 299 4235 Ξενοφῶν
313 4167 432 4231 ἀναγνοὺς
444 4169 488 4226 την
503 4169 643 4226 ἐπιστολὴν,
664 4164 836 4216 ἀνακοινοῦται
853 4164 980 4231 Σωκράτει
992 4164 1028 4227 τῷ
1046 4162 1162 4226 Ἀθηναίῳ
1175 4160 1232 4228 περὶ
1244 4170 1288 4222 τῆς
1300 4178 1348 4211 πο·

183 4259 255 4326 ρείας.
267 4256 337 4306 Ιίαὶό
348 4254 482 4319 Σωκράτης
492 4252 650 4307 ὑποπτεύσας
661 4251 694 4317 μή
705 4268 728 4299 τι
739 4250 799 4315 πρὸς
811 4251 855 4310 τῆς
865 4250 959 4304 πόλεως
971 4251 993 4298 ol
1008 4248 1119 4297 ὑπαίτιον
1132 4244 1180 4305 είη,
1190 4246 1268 4313 Κύρῳ
1277 4246 1348 4308 ριλον

184 4342 309 4405 γενέσθαι,
329 4340 367 4390 ὅτι
381 4338 460 4388 ἐδόκει
479 4340 492 4388 ὁ
510 4334 592 4403 Κύρος
607 4334 741 4403 προθύμως
751 4335 802 4406 τοῖς
818 4333 1022 4396 Λακεδαιμονίοις
1041 4331 1080 4381 ἐπὶ
1097 4332 1141 4388 τὰς
1162 4330 1264 4389 Ἀθήνας
1281 4346 1347 4394 συμ-
