2790 4770
601 295 867 393 '..272..

193 477 250 538 pro
270 460 382 520 eodem
398 460 494 524 dicit:
511 463 564 525 uhi
579 465 648 526 haeo
662 464 705 527 ait
719 486 726 527 :
741 488 756 524 a
770 467 832 527 Sed
848 465 1001 544 Epicurus
1018 464 1235 528 declinatione
1252 467 1351 529 atomi

195 565 286 629 vitari
301 567 355 629 tati
370 570 588 632 necessitatem
603 577 702 652 putat.
720 575 831 651 Itaque
845 573 957 635 tertius
977 571 1109 652 qxaidam
1124 579 1233 636 motus
1249 575 1354 637 oritur

196 678 283 735 extra
300 672 431 750 ‘pondus
454 681 485 737 et
511 678 645 756 plagam,
675 697 773 756 quum
797 680 935 742 declinat
954 677 1079 742 atomus
1104 681 1272 743 interuallo
1296 685 1354 742 mt-

193 785 284 843 nr'rno.
298 784 332 847 Id
343 785 481 862 appellat
494 783 666 862 ’11λόγιοτονι
679 787 779 857 Quam
796 786 1030 848 declinationem
1041 787 1108 849 sine
1124 806 1220 850 causa
1235 787 1316 865 fieri,
1327 789 1351 850 si

196 890 300 952 minus
321 892 434 968 verbis,
462 909 496 975 re
518 892 642 971 cogitur
666 892 822 954 confiteri.
846 895 916 955 Non
934 893 1021 954 enim
1036 898 1162 956 atomus
1178 895 1219 956 ab
1244 902 1352 959 atomo

198 999 289 1075 pulsa
302 999 449 1060 declinat.
466 1001 544 1058 Nam
570 999 624 1076 qui
639 1004 744 1076 potest
769 1000 843 1077 pelli
857 1000 920 1060 alia
942 999 982 1062 ab
1001 1001 1072 1073 alia,
1094 1001 1120 1061 si
1135 1002 1290 1080 gravitate
1311 1002 1355 1064 se·

199 1110 312 1167 runtur
341 1107 379 1166 ad
408 1105 671 1184 perpendiculum
696 1125 830 1186 corpora
853 1105 1029 1181 individua,
1057 1093 1154 1170 rectis
1180 1107 1291 1185 lineis,
1319 1114 1354 1171 ut

199 1213 337 1292 Epicuro
361 1213 577 1299 11131111»-
602 1215 725 1294 Reliqui
752 1214 815 1276 duo
842 1221 958 1290 nactas,
984 1234 1122 1295 quorum
1145 1215 1353 1279 Cicerome·

198 1320 306 1394 minit,
331 1322 438 1383 Graece
462 1320 611 1383 dicuntur
626 1318 749 1392 Κινήσεις
769 1321 837 1380 κατὰ
861 1322 1039 1403 Παρέγκλισιν
1056 1321 1101 1383 καὶ
1127 1320 1199 1382 κατὰ
1227 1322 1351 1403 Πληγήν.

197 1426 248 1505 (Η.
261 1425 384 1505 Steph.)

239 1536 367 1614 Itidem,
392 1553 460 1613 cap.
487 1538 524 1597 12
544 1555 550 1597 :
567 1570 607 1582 -
625 1558 640 1595 ιι
657 1537 719 1599 Neo
734 1555 792 1599 nos
807 1523 961 1615 impediet
980 1540 1038 1599 ata
1054 1541 1167 1617 ipnoca
1182 1539 1267 1600 ratio
1284 1555 1354 1618 quae

200 1643 326 1705 dicitur.
353 1644 538 1722 Appellatur
555 1645 640 1705 enim
658 1645 789 1725 quidam
803 1664 820 1706 3
835 1645 1033 1726 philosophis
1048 1645 1138 1726 Ἀργὸς
1152 1645 1240 1724 λόγος,
1264 1645 1317 1708 cui
1329 1644 1354 1705 si

199 1770 375 1831 pareamus
398 1750 623 1813 nihilomnino
651 1770 781 1832 agamus
804 1753 836 1813 in
860 1754 932 1815 vita.
951 1734 1003 1815 Sic
1022 1753 1108 1815 enim
1130 1753 1352 1832 interrogant:

205 1883 220 1920 (ι
244 1861 276 1922 Si
298 1862 398 1921 saturn
415 1860 474 1921 tihi
488 1865 544 1934 est,
560 1878 597 1921 ex
620 1861 681 1922 hoc
703 1860 816 1923 morbo
842 1862 1079 1938 convalescere3
1106 1860 1170 1921 sive
1192 1861 1354 1922 medicum

201 1967 392 2043 adhibueris
413 1968 475 2029 sire
490 1985 565 2043 non,
578 1968 788 2043 convalesces,
807 1973 868 2030 etc.
884 1990 899 2026 »
918 2002 957 2014 —
974 1967 1069 2027 Paulo
1084 1971 1157 2044 post
1180 1967 1265 2048 (cap.
1280 1969 1328 2046 13)
1344 1987 1352 2031 ε
1383 2006 1387 2013 ·

203 2098 217 2135 ιι
228 2079 324 2139 Recte
340 2096 434 2153 penas
457 2077 510 2138 taor
523 2081 765 2156 interropata'ona's
789 2081 931 2157 ipnaearn
949 2087 1038 2159 atque
1055 2083 1137 2140 iners
1150 2077 1353 2142 nominatum

201 2189 258 2255 est,
276 2182 361 2262 quod
378 2182 489 2244 eadem
508 2183 749 2244 rationeomnis
765 2184 860 2245 evita
878 2185 1009 2246 tolletur
1026 2184 1151 2247 actio.»

240 2288 376 2351 Observa
390 2288 442 2352 hio
457 2294 492 2350 ut
507 2290 616 2351 Cicero
637 2306 746 2351 vocem
761 2288 859 2366 Λόγον,
875 2307 969 2369 quam
986 2289 1216 2369 interpretatus
1227 2295 1296 2353 erat
1307 2307 1353 2350 ra·

199 2397 319 2470 tionem,
348 2394 498 2456 continuo
522 2398 878 2474 postinterropationem
902 2394 1052 2474 appellet.
1080 2398 1169 2457 ldem
1193 2396 1352 2475 aliquanto

201 2505 274 2578 post
301 2520 407 2563 rursus
430 2507 575 2563 rationem
601 2521 658 2580 pro
685 2496 909 2564 ratiocinatione
928 2504 973 2580 (ut
991 2503 1091 2567 Stoici
1117 2503 1205 2584 Λόγον
1226 2505 1287 2565 ἀντὶ
1310 2508 1353 2563 τοῦ

200 2606 389 2688 συλλογισμοῦ)
402 2614 547 2688 usurpat3
564 2627 662 2688 quum
675 2609 719 2671 ait
733 2609 815 2689 (cap.
832 2608 900 2688 l8):
916 2612 1045 2691 altaque
1056 2611 1103 2672 illi
1114 2612 1244 2688 rationi,
1260 2629 1351 2693 quam

204 2722 298 2801 paulo
317 2726 388 2781 ante
406 2719 558 2794 conclusi,
579 2719 624 2778 sic
646 2718 786 2779 occunit
806 2737 812 2778 :
831 2719 863 2779 Si
884 2719 994 2781 omnia
1010 2719 1075 2782 fato
1102 2721 1192 2794 fiant,
1209 2720 1299 2800 sequi
1315 2720 1349 2779 il·

201 2828 256 2890 lud
274 2827 413 2908 quidem,
434 2832 468 2887 ut
483 2825 589 2886 omnia
609 2825 711 2886 causis
726 2825 801 2886 fiant
814 2829 1016 2903 anteposita·
1031 2844 1144 2889 verum
1161 2845 1227 2890 non
1241 2828 1348 2905 princi-

197 2938 319 3016 patrans
333 2941 365 2996 et
372 2933 526 3014 perfectis,
542 2931 595 2993 sed
612 2932 827 3010 adjuvantibus
841 2938 873 2994 et
885 2937 1044 3012 procimis.
1061 2954 1077 2991 a
1109 2967 1112 2976 ·

239 3045 300 3106 Sed
313 3048 465 3121 praeterea
482 3041 515 3099 in
535 3039 597 3101 hoo
612 3045 772 3119 postremo
796 3041 868 3101 loco
893 3041 1025 3104 observa
1039 3059 1150 3103 causas
1171 3047 1343 3122 antepositas

199 3151 379 3211 aGicerone
405 3148 520 3222 vocari,
550 3165 626 3225 quas
644 3148 731 3225 prius
756 3148 957 3209 antecedentes
972 3154 1004 3210 et
1017 3155 1207 3228 antepressas
1223 3148 1336 3219 dixerit,

201 3254 394 3337 llponpa'peia
409 3253 691 3334 101Προκαταρκτικὰ
707 3252 787 3315 αἴτια.
798 3255 981 3333 Quanquam
995 3274 1058 3317 non
1073 3261 1139 3317 111111
1152 3256 1246 3335 hujus
1258 3268 1335 3334 quam

199 3365 284 3425 illius
298 3362 383 3425 uocis
398 3363 442 3423 vis
462 3362 547 3423 hisce
569 3361 670 3422 verbis
689 3362 808 3423 Latinis
824 3357 1022 3442 exprimitur.
1038 3365 1228 3445 Principales
1246 3369 1332 3424 autern
1390 3410 1394 3421 .

201 3479 231 3535 et
240 3474 404 3551 perfectas,
424 3469 510 3551 Κύριοι
526 3469 571 3528 καὶ
589 3469 932 3549 ι1ότοτελῆ.1111γ’1ιο·α11111
952 3488 1069 3547 canses,
1088 3471 1230 3533 Συναίτιο.
1247 3468 1332 3533 Praei·

199 3600 264 3641 mas
283 3597 398 3653 canoas,
420 3581 544 3659 Προσεχῆ
569 3575 649 3635 αἴτιοι.
666 3580 766 3638 Antea
788 3578 884 3638 etiam
899 3583 1063 3640 vocaverat
1084 3580 1255 3641 naturalem
1279 3589 1327 3636 cau·

199 3708 274 3764 sam,
290 3687 380 3747 Αἴτιον
396 3685 515 3768 φυσικόν.

239 3796 373 3869 ibidem,
392 3794 553 3871 aliquanto
567 3799 640 3853 ante
651 3793 756 3854 locum
777 3793 920 3870 proxime
941 3793 1074 3856 citatum
1091 3793 1175 3873 (cap.
1189 3791 1236 3873 13)
1254 3810 1261 3852 :
1276 3810 1287 3846 a
1296 3787 1324 3847 11

198 3903 221 3964 si
239 3903 281 3964 ita
298 3902 397 3962 iatum
413 3901 462 3974 sit,
490 3921 503 3955 a
524 3905 671 3960 nascetur
686 3898 822 3977 OEdipus
837 3901 933 3962 Laio»
939 3918 949 3979 ;
972 3919 1036 3963 non
1055 3901 1177 3980 poterit
1189 3899 1260 3973 dici,
1275 3894 1321 3955 sin

196 4012 292 4073 luerit
316 4008 406 4070 Laius
433 4026 506 4069 oum
530 4007 673 4082 muliere,
691 4007 754 4068 sive
769 4026 832 4068 non
850 4008 945 4069 luerit
957 4027 965 4085 ;
979 4008 1126 4087 copulata
1142 4008 1226 4071 enim
1237 4021 1279 4067 res
1291 4000 1321 4060 esi
1366 4088 1369 4093 Ι

197 4125 228 4182 et
242 4117 428 4197 conlocatis:
456 4115 501 4175 sic
519 4116 603 4175 enim
630 4116 768 4192 appellat
792 4113 871 4195 (sub.
894 4115 1140 4196 Chrysippus)...
1156 4139 1171 4174 a
1377 4096 1381 4103 ¹

233 4227 329 4287 Paulo
345 4228 416 4302 post
433 4240 440 4282 :
453 4244 519 4281 -ιι
534 4224 611 4282 'lant
625 4221 709 4283 enirn
723 4229 770 4283 est
785 4223 889 4298 fatale,
912 4224 1073 4285 medicum
1089 4222 1239 4285 adhihere
1251 4229 1322 4300 quam

193 4333 422 4397 convalescere.
439 4330 524 4401 llaec,
543 4335 579 4391 ut
593 4328 669 4404 dixi,
684 4330 851 4407 carasatatia
865 4330 918 4392 ille
931 4331 1079 4411 appellat.
1096 4352 1110 4390 ο
