<?xml version="1.0" encoding="UTF-8"?>
<!DOCTYPE html PUBLIC "-//W3C//DTD XHTML 1.0 Transitional//EN"
    "http://www.w3.org/TR/xhtml1/DTD/xhtml1-transitional.dtd">
<html xmlns="http://www.w3.org/1999/xhtml" xml:lang="en" lang="en">
 <head>
  <title>
</title>
<meta http-equiv="Content-Type" content="text/html;charset=utf-8" />
  <meta name='ocr-system' content='tesseract 3.04.00' />
  <meta name='ocr-capabilities' content='ocr_page ocr_carea ocr_par ocr_line ocrx_word'/>
</head>
<body>
  <div class='ocr_page' id='page_1' title='image "./demtciceronegrc00clavgoog_0055.png"; bbox 0 0 2790 4770; ppageno 0'>
   <div class='ocr_carea' id='block_1_1' title="bbox 683 282 862 344">
    <p class='ocr_par' dir='ltr' id='par_1_1' title="bbox 683 282 862 344">
     <span class='ocr_line' id='line_1_1' title="bbox 683 282 862 344; baseline 0 -16"><span class='ocrx_word' id='word_1_1' title='bbox 683 282 862 344; x_wconf 70' lang='lat'>..20-</span> 
     </span>
    </p>
   </div>
   <div class='ocr_carea' id='block_1_2' title="bbox 228 417 1062 2332">
    <p class='ocr_par' dir='ltr' id='par_1_2' title="bbox 228 417 928 1042">
     <span class='ocr_line' id='line_1_2' title="bbox 231 417 893 502; baseline 0.002 -24"><span class='ocrx_word' id='word_1_2' title='bbox 231 417 430 480; x_wconf 75' lang='lat' dir='ltr'><strong>Flexanimns</strong></span> <span class='ocrx_word' id='word_1_3' title='bbox 443 420 633 502; x_wconf 84' lang='lat' dir='ltr'><strong>(Pacuvius),</strong></span> <span class='ocrx_word' id='word_1_4' title='bbox 649 421 690 482; x_wconf 86' lang='lat' dir='ltr'><strong>cf.</strong></span> <span class='ocrx_word' id='word_1_5' title='bbox 706 421 893 502; x_wconf 79' lang='grc' dir='ltr'>καμψίγουνος.</span> 
     </span>
     <span class='ocr_line' id='line_1_3' title="bbox 231 528 923 611; baseline -0.004 -21"><span class='ocrx_word' id='word_1_6' title='bbox 231 528 445 590; x_wconf 79' lang='lat' dir='ltr'><strong>Grandavitae</strong></span> <span class='ocrx_word' id='word_1_7' title='bbox 461 528 652 610; x_wconf 85' lang='lat' dir='ltr'><strong>(Pacuvius),</strong></span> <span class='ocrx_word' id='word_1_8' title='bbox 671 530 713 592; x_wconf 85' lang='lat' dir='ltr'><strong>ol.</strong></span> <span class='ocrx_word' id='word_1_9' title='bbox 731 529 923 611; x_wconf 70' lang='grc' dir='ltr'>μακροὸιότης.</span> 
     </span>
     <span class='ocr_line' id='line_1_4' title="bbox 231 634 727 717; baseline -0.002 -21"><span class='ocrx_word' id='word_1_10' title='bbox 231 635 350 713; x_wconf 79' lang='lat' dir='ltr'><strong><em>Impius</em></strong></span> <span class='ocrx_word' id='word_1_11' title='bbox 365 634 546 717; x_wconf 86' lang='lat' dir='ltr'><strong>(Lucilius),</strong></span> <span class='ocrx_word' id='word_1_12' title='bbox 562 636 604 699; x_wconf 84' lang='lat' dir='ltr'><strong>cl.</strong></span> <span class='ocrx_word' id='word_1_13' title='bbox 621 635 727 708; x_wconf 74' lang='grc' dir='ltr'>ἀσεὸής.</span> 
     </span>
     <span class='ocr_line' id='line_1_5' title="bbox 228 743 928 826; baseline 0.004 -21"><span class='ocrx_word' id='word_1_14' title='bbox 228 743 489 807; x_wconf 81' lang='lat' dir='ltr'><strong>Inccrciceroiccs</strong></span> <span class='ocrx_word' id='word_1_15' title='bbox 501 745 690 826; x_wconf 85' lang='lat' dir='ltr'><strong>(Pacuvius),</strong></span> <span class='ocrx_word' id='word_1_16' title='bbox 706 747 747 808; x_wconf 86' lang='lat' dir='ltr'><strong>cl.</strong></span> <span class='ocrx_word' id='word_1_17' title='bbox 764 743 928 826; x_wconf 77' lang='grc' dir='ltr'><strong>κυρταύχην.</strong></span> 
     </span>
     <span class='ocr_line' id='line_1_6' title="bbox 230 850 793 935; baseline 0.005 -23"><span class='ocrx_word' id='word_1_18' title='bbox 230 850 385 934; x_wconf 73' lang='lat' dir='ltr'><strong>Lanificas</strong></span> <span class='ocrx_word' id='word_1_19' title='bbox 398 850 571 933; x_wconf 85' lang='lat' dir='ltr'>(Lucilius),</span> <span class='ocrx_word' id='word_1_20' title='bbox 589 853 630 929; x_wconf 70' lang='lat' dir='ltr'><strong>cl,</strong></span> <span class='ocrx_word' id='word_1_21' title='bbox 648 852 793 935; x_wconf 81' lang='grc' dir='ltr'>ἐριουργός.</span> 
     </span>
     <span class='ocr_line' id='line_1_7' title="bbox 228 956 735 1042; baseline 0.004 -22"><span class='ocrx_word' id='word_1_22' title='bbox 228 960 358 1039; x_wconf 73' lang='lat' dir='ltr'><strong>lantper</strong></span> <span class='ocrx_word' id='word_1_23' title='bbox 371 956 512 1039; x_wconf 84' lang='lat' dir='ltr'><strong>(Attius),</strong></span> <span class='ocrx_word' id='word_1_24' title='bbox 528 960 569 1022; x_wconf 86' lang='lat' dir='ltr'><strong>el.</strong></span> <span class='ocrx_word' id='word_1_25' title='bbox 587 959 735 1042; x_wconf 79' lang='grc' dir='ltr'><strong>εἷροπόκος.</strong></span> 
     </span>
    </p>

    <p class='ocr_par' dir='ltr' id='par_1_3' title="bbox 232 1065 1062 2332">
     <span class='ocr_line' id='line_1_8' title="bbox 232 1065 833 1150; baseline -0.003 -23"><span class='ocrx_word' id='word_1_26' title='bbox 232 1067 407 1145; x_wconf 68' lang='lat' dir='ltr'><strong>[crpitum</strong></span> <span class='ocrx_word' id='word_1_27' title='bbox 423 1065 616 1148; x_wconf 84' lang='lat' dir='ltr'><strong>(Pacuvius),</strong></span> <span class='ocrx_word' id='word_1_28' title='bbox 634 1071 674 1130; x_wconf 89' lang='lat' dir='ltr'><strong>ef.</strong></span> <span class='ocrx_word' id='word_1_29' title='bbox 693 1065 833 1150; x_wconf 72' lang='lat' dir='ltr'><strong>stpope&#39;nr.</strong></span> 
     </span>
     <span class='ocr_line' id='line_1_9' title="bbox 234 1173 825 1258; baseline 0.003 -22"><span class='ocrx_word' id='word_1_30' title='bbox 234 1173 400 1257; x_wconf 76' lang='lat' dir='ltr'><strong>Luciscpus</strong></span> <span class='ocrx_word' id='word_1_31' title='bbox 418 1174 593 1256; x_wconf 81' lang='lat' dir='ltr'><strong>(Lucilius),</strong></span> <span class='ocrx_word' id='word_1_32' title='bbox 611 1177 653 1240; x_wconf 87' lang='lat' dir='ltr'><strong>cl.</strong></span> <span class='ocrx_word' id='word_1_33' title='bbox 667 1174 825 1258; x_wconf 82' lang='grc' dir='ltr'>φωτοποιός.</span> 
     </span>
     <span class='ocr_line' id='line_1_10' title="bbox 233 1281 1062 1364; baseline -0.002 -20"><span class='ocrx_word' id='word_1_34' title='bbox 233 1282 463 1363; x_wconf 75' lang='lat' dir='ltr'><strong>Maqttificetttia</strong></span> <span class='ocrx_word' id='word_1_35' title='bbox 483 1281 660 1364; x_wconf 80' lang='lat' dir='ltr'><strong>(Gaecilius),</strong></span> <span class='ocrx_word' id='word_1_36' title='bbox 680 1284 720 1346; x_wconf 82' lang='lat' dir='ltr'><strong>cf.</strong></span> <span class='ocrx_word' id='word_1_37' title='bbox 739 1282 966 1364; x_wconf 79' lang='grc' dir='ltr'>μεγαλοπρέπεια.</span> <span class='ocrx_word' id='word_1_38' title='bbox 1059 1300 1062 1304; x_wconf 88' lang='grc'><em>“</em></span> 
     </span>
     <span class='ocr_line' id='line_1_11' title="bbox 232 1387 816 1472; baseline 0.003 -24"><span class='ocrx_word' id='word_1_39' title='bbox 232 1387 380 1471; x_wconf 69' lang='lat' dir='ltr'><strong>Mirifit‘tts</strong></span> <span class='ocrx_word' id='word_1_40' title='bbox 393 1389 534 1472; x_wconf 71' lang='lat' dir='ltr'><strong>(Attius),</strong></span> <span class='ocrx_word' id='word_1_41' title='bbox 552 1391 592 1454; x_wconf 80' lang='lat' dir='ltr'><strong>(tf.</strong></span> <span class='ocrx_word' id='word_1_42' title='bbox 610 1391 816 1469; x_wconf 80' lang='grc' dir='ltr'>θαυματοποιός.</span> 
     </span>
     <span class='ocr_line' id='line_1_12' title="bbox 233 1498 855 1579; baseline 0 -20"><span class='ocrx_word' id='word_1_43' title='bbox 233 1499 443 1579; x_wconf 73' lang='lat' dir='ltr'><strong>Naufraptum</strong></span> <span class='ocrx_word' id='word_1_44' title='bbox 457 1499 643 1579; x_wconf 83' lang='lat' dir='ltr'><strong>(Pacuvius),</strong></span> <span class='ocrx_word' id='word_1_45' title='bbox 661 1500 702 1561; x_wconf 89' lang='lat' dir='ltr'><strong>cf.</strong></span> <span class='ocrx_word' id='word_1_46' title='bbox 719 1498 855 1578; x_wconf 74' lang='grc' dir='ltr'>ναυάγιον.</span> 
     </span>
     <span class='ocr_line' id='line_1_13' title="bbox 235 1606 868 1688; baseline -0.008 -21"><span class='ocrx_word' id='word_1_47' title='bbox 235 1607 427 1668; x_wconf 71' lang='lat' dir='ltr'><strong>Omnelrmus</strong></span> <span class='ocrx_word' id='word_1_48' title='bbox 449 1607 637 1688; x_wconf 85' lang='lat' dir='ltr'><strong>(Pacuvius),</strong></span> <span class='ocrx_word' id='word_1_49' title='bbox 655 1607 697 1668; x_wconf 86' lang='lat' dir='ltr'><strong>cf.</strong></span> <span class='ocrx_word' id='word_1_50' title='bbox 714 1606 868 1688; x_wconf 79' lang='grc' dir='ltr'>πάμφαγος.</span> 
     </span>
     <span class='ocr_line' id='line_1_14' title="bbox 237 1711 772 1796; baseline 0 -20"><span class='ocrx_word' id='word_1_51' title='bbox 237 1711 377 1794; x_wconf 82' lang='lat' dir='ltr'><strong>Opitnlo&#39;r</strong></span> <span class='ocrx_word' id='word_1_52' title='bbox 390 1713 579 1796; x_wconf 88' lang='lat' dir='ltr'><strong>(Pacuvius),</strong></span> <span class='ocrx_word' id='word_1_53' title='bbox 597 1714 638 1776; x_wconf 87' lang='lat' dir='ltr'><strong>cf.</strong></span> <span class='ocrx_word' id='word_1_54' title='bbox 659 1712 772 1789; x_wconf 82' lang='grc' dir='ltr'><strong>βοηθέω.</strong></span> 
     </span>
     <span class='ocr_line' id='line_1_15' title="bbox 236 1821 845 1904; baseline 0.003 -22"><span class='ocrx_word' id='word_1_55' title='bbox 236 1822 388 1901; x_wconf 73' lang='lat' dir='ltr'><strong>Penniqcr</strong></span> <span class='ocrx_word' id='word_1_56' title='bbox 402 1821 439 1903; x_wconf 85' lang='lat' dir='ltr'><strong>(l)</strong></span> <span class='ocrx_word' id='word_1_57' title='bbox 455 1822 594 1903; x_wconf 85' lang='lat' dir='ltr'><strong>(Attius),</strong></span> <span class='ocrx_word' id='word_1_58' title='bbox 612 1822 653 1883; x_wconf 85' lang='lat' dir='ltr'><strong>cf.</strong></span> <span class='ocrx_word' id='word_1_59' title='bbox 673 1822 845 1904; x_wconf 80' lang='grc' dir='ltr'>πτεροφόρος.</span> 
     </span>
     <span class='ocr_line' id='line_1_16' title="bbox 238 1929 844 2010; baseline 0.002 -19"><span class='ocrx_word' id='word_1_60' title='bbox 238 1929 415 2009; x_wconf 81' lang='lat' dir='ltr'><strong>Quadrupes</strong></span> <span class='ocrx_word' id='word_1_61' title='bbox 429 1929 616 2010; x_wconf 89' lang='lat' dir='ltr'><strong>(Pacuvius),</strong></span> <span class='ocrx_word' id='word_1_62' title='bbox 633 1931 674 1992; x_wconf 85' lang='lat' dir='ltr'><strong>ef.</strong></span> <span class='ocrx_word' id='word_1_63' title='bbox 690 1931 844 2010; x_wconf 80' lang='grc' dir='ltr'>τετράπους.</span> 
     </span>
     <span class='ocr_line' id='line_1_17' title="bbox 238 2035 823 2117; baseline -0.007 -19"><span class='ocrx_word' id='word_1_64' title='bbox 238 2037 375 2116; x_wconf 72' lang='lat' dir='ltr'><strong>Siqnifer</strong></span> <span class='ocrx_word' id='word_1_65' title='bbox 389 2035 560 2116; x_wconf 79' lang='lat' dir='ltr'><strong>(Lucilius),</strong></span> <span class='ocrx_word' id='word_1_66' title='bbox 575 2036 615 2097; x_wconf 77' lang='lat' dir='ltr'><strong>Of.</strong></span> <span class='ocrx_word' id='word_1_67' title='bbox 636 2036 823 2117; x_wconf 75' lang='grc' dir='ltr'>σημαιοφόρος.</span> 
     </span>
     <span class='ocr_line' id='line_1_18' title="bbox 242 2143 880 2224; baseline -0.003 -18"><span class='ocrx_word' id='word_1_68' title='bbox 242 2145 447 2224; x_wconf 76' lang='lat' dir='ltr'><strong>Tardiqrodus</strong></span> <span class='ocrx_word' id='word_1_69' title='bbox 462 2143 644 2224; x_wconf 87' lang='lat' dir='ltr'><strong>(Pacuvius),</strong></span> <span class='ocrx_word' id='word_1_70' title='bbox 662 2144 703 2206; x_wconf 81' lang='lat' dir='ltr'><strong>cf.</strong></span> <span class='ocrx_word' id='word_1_71' title='bbox 724 2145 880 2224; x_wconf 78' lang='grc' dir='ltr'>βραδύπους.</span> 
     </span>
     <span class='ocr_line' id='line_1_19' title="bbox 241 2248 785 2332; baseline -0.006 -19"><span class='ocrx_word' id='word_1_72' title='bbox 241 2252 394 2313; x_wconf 68' lang='lat' dir='ltr'><strong>Patricole</strong></span> <span class='ocrx_word' id='word_1_73' title='bbox 409 2248 586 2332; x_wconf 89' lang='lat' dir='ltr'><strong>(Lucilius),</strong></span> <span class='ocrx_word' id='word_1_74' title='bbox 601 2252 642 2312; x_wconf 87' lang='lat' dir='ltr'><strong>cl.</strong></span> <span class='ocrx_word' id='word_1_75' title='bbox 661 2249 785 2332; x_wconf 76' lang='grc' dir='ltr'>γεωργός.</span> 
     </span>
    </p>
   </div>
   <div class='ocr_carea' id='block_1_3' title="bbox 202 2466 1393 3624">
    <p class='ocr_par' dir='ltr' id='par_1_4' title="bbox 202 2466 1393 3394">
     <span class='ocr_line' id='line_1_20' title="bbox 241 2466 1358 2546; baseline 0.003 -17"><span class='ocrx_word' id='word_1_76' title='bbox 241 2470 316 2530; x_wconf 89' lang='lat' dir='ltr'><strong>lnde</strong></span> <span class='ocrx_word' id='word_1_77' title='bbox 330 2466 426 2546; x_wconf 85' lang='lat' dir='ltr'><strong>igitur</strong></span> <span class='ocrx_word' id='word_1_78' title='bbox 440 2472 526 2546; x_wconf 88' lang='lat' dir='ltr'><strong>patet</strong></span> <span class='ocrx_word' id='word_1_79' title='bbox 542 2472 662 2530; x_wconf 85' lang='lat' dir='ltr'><strong>veteres</strong></span> <span class='ocrx_word' id='word_1_80' title='bbox 676 2473 784 2546; x_wconf 89' lang='lat' dir='ltr'><strong>poetas</strong></span> <span class='ocrx_word' id='word_1_81' title='bbox 799 2473 884 2531; x_wconf 86' lang='lat' dir='ltr'><strong>tanta</strong></span> <span class='ocrx_word' id='word_1_82' title='bbox 898 2468 1098 2531; x_wconf 89' lang='lat' dir='ltr'><strong>veneratione</strong></span> <span class='ocrx_word' id='word_1_83' title='bbox 1114 2471 1302 2532; x_wconf 86' lang='lat' dir='ltr'><strong>Graecorum</strong></span> <span class='ocrx_word' id='word_1_84' title='bbox 1317 2472 1358 2532; x_wconf 89' lang='lat' dir='ltr'><strong>in-</strong></span> 
     </span>
     <span class='ocr_line' id='line_1_21' title="bbox 202 2566 1393 2658; baseline 0.003 -21"><span class='ocrx_word' id='word_1_85' title='bbox 202 2576 293 2658; x_wconf 86' lang='lat' dir='ltr'><strong>genia</strong></span> <span class='ocrx_word' id='word_1_86' title='bbox 308 2575 453 2648; x_wconf 86' lang='lat' dir='ltr'><strong>coluisse,</strong></span> <span class='ocrx_word' id='word_1_87' title='bbox 471 2580 506 2636; x_wconf 92' lang='lat' dir='ltr'><strong>ut</strong></span> <span class='ocrx_word' id='word_1_88' title='bbox 519 2573 572 2636; x_wconf 89' lang='lat' dir='ltr'><strong>alii</strong></span> <span class='ocrx_word' id='word_1_89' title='bbox 584 2575 624 2655; x_wconf 67' lang='grc' dir='ltr'><strong>(Ξ)</strong></span> <span class='ocrx_word' id='word_1_90' title='bbox 639 2576 763 2636; x_wconf 74' lang='lat' dir='ltr'><strong>[tracas</strong></span> <span class='ocrx_word' id='word_1_91' title='bbox 780 2593 883 2648; x_wconf 74' lang='lat' dir='ltr'><strong>resec,</strong></span> <span class='ocrx_word' id='word_1_92' title='bbox 897 2594 937 2636; x_wconf 89' lang='lat' dir='ltr'><strong>ne</strong></span> <span class='ocrx_word' id='word_1_93' title='bbox 950 2581 1071 2638; x_wconf 88' lang='lat' dir='ltr'><strong>mutata</strong></span> <span class='ocrx_word' id='word_1_94' title='bbox 1083 2577 1213 2655; x_wconf 91' lang='lat' dir='ltr'><strong>quidem</strong></span> <span class='ocrx_word' id='word_1_95' title='bbox 1224 2579 1354 2658; x_wconf 84' lang='lat' dir='ltr'><strong>syllaba,</strong></span> <span class='ocrx_word' id='word_1_96' title='bbox 1389 2566 1393 2641; x_wconf 66' lang='lat' dir='ltr'>s</span> 
     </span>
     <span class='ocr_line' id='line_1_22' title="bbox 203 2670 1392 2764; baseline 0.002 -18"><span class='ocrx_word' id='word_1_97' title='bbox 203 2687 236 2747; x_wconf 92' lang='lat' dir='ltr'><strong>in</strong></span> <span class='ocrx_word' id='word_1_98' title='bbox 251 2702 342 2746; x_wconf 89' lang='lat' dir='ltr'><strong>suum</strong></span> <span class='ocrx_word' id='word_1_99' title='bbox 361 2684 588 2762; x_wconf 75' lang='lat' dir='ltr'><strong>patrimonium</strong></span> <span class='ocrx_word' id='word_1_100' title='bbox 611 2682 840 2762; x_wconf 79' lang='lat' dir='ltr'><strong>transtulerint,</strong></span> <span class='ocrx_word' id='word_1_101' title='bbox 856 2684 907 2745; x_wconf 92' lang='lat' dir='ltr'><strong>alii</strong></span> <span class='ocrx_word' id='word_1_102' title='bbox 923 2682 965 2764; x_wconf 89' lang='lat'><strong>(3)</strong></span> <span class='ocrx_word' id='word_1_103' title='bbox 984 2702 1056 2745; x_wconf 92' lang='lat' dir='ltr'><strong>vero</strong></span> <span class='ocrx_word' id='word_1_104' title='bbox 1076 2684 1139 2745; x_wconf 88' lang='lat' dir='ltr'><strong>sive</strong></span> <span class='ocrx_word' id='word_1_105' title='bbox 1155 2683 1355 2763; x_wconf 87' lang='lat' dir='ltr'><strong>interpretes,</strong></span> <span class='ocrx_word' id='word_1_106' title='bbox 1387 2670 1392 2735; x_wconf 68' lang='grc' dir='ltr'><strong>-Ϊ</strong></span> 
     </span>
     <span class='ocr_line' id='line_1_23' title="bbox 202 2792 1392 2875; baseline 0.001 -20"><span class='ocrx_word' id='word_1_107' title='bbox 202 2796 267 2856; x_wconf 91' lang='lat' dir='ltr'><strong>sive</strong></span> <span class='ocrx_word' id='word_1_108' title='bbox 283 2793 458 2857; x_wconf 90' lang='lat' dir='ltr'><strong>imitatores</strong></span> <span class='ocrx_word' id='word_1_109' title='bbox 472 2793 692 2866; x_wconf 85' lang='lat' dir='ltr'><strong>audacissimi,</strong></span> <span class='ocrx_word' id='word_1_110' title='bbox 709 2793 809 2855; x_wconf 91' lang='lat' dir='ltr'><strong>multa</strong></span> <span class='ocrx_word' id='word_1_111' title='bbox 831 2794 1071 2873; x_wconf 83' lang='lat' dir='ltr'><strong>composuerint</strong></span> <span class='ocrx_word' id='word_1_112' title='bbox 1091 2796 1258 2872; x_wconf 89' lang='lat' dir='ltr'><strong>vocabula,</strong></span> <span class='ocrx_word' id='word_1_113' title='bbox 1290 2811 1357 2875; x_wconf 82' lang='lat' dir='ltr'><strong>qua</strong></span> <span class='ocrx_word' id='word_1_114' title='bbox 1386 2792 1392 2845; x_wconf 83' lang='lat' dir='ltr'><strong>l</strong></span> 
     </span>
     <span class='ocr_line' id='line_1_24' title="bbox 204 2900 1358 2983; baseline -0.001 -21"><span class='ocrx_word' id='word_1_115' title='bbox 204 2903 347 2983; x_wconf 87' lang='lat' dir='ltr'><strong>profecto</strong></span> <span class='ocrx_word' id='word_1_116' title='bbox 360 2902 442 2963; x_wconf 89' lang='lat' dir='ltr'><strong>haud</strong></span> <span class='ocrx_word' id='word_1_117' title='bbox 455 2901 632 2964; x_wconf 89' lang='lat' dir='ltr'><strong>necessaria</strong></span> <span class='ocrx_word' id='word_1_118' title='bbox 644 2900 820 2962; x_wconf 87' lang='lat' dir='ltr'><strong>videantur.</strong></span> <span class='ocrx_word' id='word_1_119' title='bbox 835 2902 904 2962; x_wconf 90' lang='lat' dir='ltr'><strong>lmo</strong></span> <span class='ocrx_word' id='word_1_120' title='bbox 915 2903 1062 2981; x_wconf 76' lang='lat' dir='ltr'><strong>quadam</strong></span> <span class='ocrx_word' id='word_1_121' title='bbox 1074 2903 1157 2964; x_wconf 91' lang='lat' dir='ltr'><strong>inter</strong></span> <span class='ocrx_word' id='word_1_122' title='bbox 1171 2902 1226 2964; x_wconf 92' lang='lat' dir='ltr'><strong>illa</strong></span> <span class='ocrx_word' id='word_1_123' title='bbox 1240 2902 1358 2965; x_wconf 73' lang='lat' dir='ltr'><strong>Gratis</strong></span> 
     </span>
     <span class='ocr_line' id='line_1_25' title="bbox 204 3006 1358 3085; baseline -0.003 -14"><span class='ocrx_word' id='word_1_124' title='bbox 204 3011 313 3071; x_wconf 86' lang='lat' dir='ltr'><strong>deesse</strong></span> <span class='ocrx_word' id='word_1_125' title='bbox 333 3006 624 3081; x_wconf 76' lang='lat' dir='ltr'><strong>animadvertimus,</strong></span> <span class='ocrx_word' id='word_1_126' title='bbox 652 3007 786 3085; x_wconf 87' lang='lat' dir='ltr'><strong>perinde</strong></span> <span class='ocrx_word' id='word_1_127' title='bbox 801 3023 838 3068; x_wconf 88' lang='lat' dir='ltr'><strong>ac</strong></span> <span class='ocrx_word' id='word_1_128' title='bbox 860 3007 886 3068; x_wconf 90' lang='lat' dir='ltr'><strong>si</strong></span> <span class='ocrx_word' id='word_1_129' title='bbox 902 3007 996 3069; x_wconf 89' lang='lat' dir='ltr'><strong>rudes</strong></span> <span class='ocrx_word' id='word_1_130' title='bbox 1015 3008 1067 3070; x_wconf 88' lang='lat' dir='ltr'><strong>isti</strong></span> <span class='ocrx_word' id='word_1_131' title='bbox 1082 3010 1185 3070; x_wconf 79' lang='lat' dir='ltr'><strong>Poeta</strong></span> <span class='ocrx_word' id='word_1_132' title='bbox 1208 3007 1358 3071; x_wconf 83' lang='lat' dir='ltr'><strong>orationis</strong></span> 
     </span>
     <span class='ocr_line' id='line_1_26' title="bbox 204 3111 1383 3196; baseline -0.008 -16"><span class='ocrx_word' id='word_1_133' title='bbox 204 3116 434 3196; x_wconf 84' lang='lat' dir='ltr'><strong>exemplarium</strong></span> <span class='ocrx_word' id='word_1_134' title='bbox 466 3120 684 3194; x_wconf 85' lang='lat' dir='ltr'><strong>paupertatem</strong></span> <span class='ocrx_word' id='word_1_135' title='bbox 706 3113 865 3192; x_wconf 84' lang='lat' dir='ltr'><strong>corrigere</strong></span> <span class='ocrx_word' id='word_1_136' title='bbox 891 3114 1072 3175; x_wconf 87' lang='lat' dir='ltr'><strong>voluissent.</strong></span> <span class='ocrx_word' id='word_1_137' title='bbox 1114 3135 1128 3172; x_wconf 85' lang='lat' dir='ltr'><strong>n</strong></span> <span class='ocrx_word' id='word_1_138' title='bbox 1142 3111 1383 3177; x_wconf 88' lang='lat' dir='ltr'><strong>Rudentisibi-.</strong></span> 
     </span>
     <span class='ocr_line' id='line_1_27' title="bbox 204 3213 1359 3305; baseline -0.001 -19"><span class='ocrx_word' id='word_1_139' title='bbox 204 3226 252 3286; x_wconf 92' lang='lat' dir='ltr'><strong>lus</strong></span> <span class='ocrx_word' id='word_1_140' title='bbox 268 3225 309 3305; x_wconf 82' lang='lat' dir='ltr'><strong>(l)</strong></span> <span class='ocrx_word' id='word_1_141' title='bbox 323 3246 354 3303; x_wconf 82' lang='lat' dir='ltr'><strong>n,</strong></span> <span class='ocrx_word' id='word_1_142' title='bbox 369 3230 405 3285; x_wconf 87' lang='lat' dir='ltr'><strong>ut</strong></span> <span class='ocrx_word' id='word_1_143' title='bbox 419 3229 507 3303; x_wconf 86' lang='lat' dir='ltr'><strong>putu,</strong></span> <span class='ocrx_word' id='word_1_144' title='bbox 525 3222 609 3284; x_wconf 93' lang='lat' dir='ltr'><strong>haud</strong></span> <span class='ocrx_word' id='word_1_145' title='bbox 625 3220 782 3282; x_wconf 86' lang='lat' dir='ltr'><strong>minorem</strong></span> <span class='ocrx_word' id='word_1_146' title='bbox 796 3213 892 3301; x_wconf 88' lang='lat' dir='ltr'><strong>quam</strong></span> <span class='ocrx_word' id='word_1_147' title='bbox 912 3222 1224 3284; x_wconf 82' lang='lat' dir='ltr'><strong>«incurvicervicum</strong></span> <span class='ocrx_word' id='word_1_148' title='bbox 1243 3245 1258 3282; x_wconf 82' lang='lat' dir='ltr'><strong>n</strong></span> <span class='ocrx_word' id='word_1_149' title='bbox 1277 3222 1359 3304; x_wconf 91' lang='lat' dir='ltr'><strong>apud</strong></span> 
     </span>
     <span class='ocr_line' id='line_1_28' title="bbox 205 3330 831 3394; baseline -0.008 1"><span class='ocrx_word' id='word_1_150' title='bbox 205 3332 350 3394; x_wconf 87' lang='lat' dir='ltr'><strong>homines</strong></span> <span class='ocrx_word' id='word_1_151' title='bbox 364 3331 520 3392; x_wconf 87' lang='lat' dir='ltr'><strong>litteratos</strong></span> <span class='ocrx_word' id='word_1_152' title='bbox 535 3332 634 3391; x_wconf 88' lang='lat' dir='ltr'><strong>risum</strong></span> <span class='ocrx_word' id='word_1_153' title='bbox 650 3330 831 3392; x_wconf 87' lang='lat' dir='ltr'><strong>concitavit.</strong></span> 
     </span>
    </p>

    <p class='ocr_par' dir='ltr' id='par_1_5' title="bbox 204 3437 1363 3624">
     <span class='ocr_line' id='line_1_29' title="bbox 245 3437 1363 3518; baseline 0.002 -16"><span class='ocrx_word' id='word_1_154' title='bbox 245 3439 379 3502; x_wconf 83' lang='lat' dir='ltr'><strong>Romani</strong></span> <span class='ocrx_word' id='word_1_155' title='bbox 393 3439 512 3518; x_wconf 87' lang='lat' dir='ltr'><strong>quippe</strong></span> <span class='ocrx_word' id='word_1_156' title='bbox 527 3438 560 3499; x_wconf 92' lang='lat' dir='ltr'><strong>in</strong></span> <span class='ocrx_word' id='word_1_157' title='bbox 574 3438 743 3500; x_wconf 88' lang='lat' dir='ltr'><strong>scribendo</strong></span> <span class='ocrx_word' id='word_1_158' title='bbox 755 3441 874 3513; x_wconf 88' lang='lat' dir='ltr'><strong>Graeca,</strong></span> <span class='ocrx_word' id='word_1_159' title='bbox 892 3444 927 3500; x_wconf 87' lang='lat' dir='ltr'><strong>ut</strong></span> <span class='ocrx_word' id='word_1_160' title='bbox 941 3439 984 3500; x_wconf 88' lang='lat' dir='ltr'><strong>ita</strong></span> <span class='ocrx_word' id='word_1_161' title='bbox 998 3439 1112 3510; x_wconf 86' lang='lat' dir='ltr'><strong>dicam,</strong></span> <span class='ocrx_word' id='word_1_162' title='bbox 1126 3437 1262 3501; x_wconf 90' lang='lat' dir='ltr'><strong>libidine</strong></span> <span class='ocrx_word' id='word_1_163' title='bbox 1276 3441 1363 3504; x_wconf 89' lang='lat' dir='ltr'><strong>labo·</strong></span> 
     </span>
     <span class='ocr_line' id='line_1_30' title="bbox 204 3542 1362 3624; baseline 0.004 -20"><span class='ocrx_word' id='word_1_164' title='bbox 204 3550 362 3620; x_wconf 81' lang='lat' dir='ltr'><strong>naverunt,</strong></span> <span class='ocrx_word' id='word_1_165' title='bbox 383 3542 457 3622; x_wconf 90' lang='lat' dir='ltr'><strong>quia</strong></span> <span class='ocrx_word' id='word_1_166' title='bbox 479 3544 629 3621; x_wconf 88' lang='lat' dir='ltr'><strong>Lucilius,</strong></span> <span class='ocrx_word' id='word_1_167' title='bbox 644 3561 741 3622; x_wconf 90' lang='lat' dir='ltr'><strong>quem</strong></span> <span class='ocrx_word' id='word_1_168' title='bbox 762 3544 895 3605; x_wconf 84' lang='lat' dir='ltr'><strong>fortasse</strong></span> <span class='ocrx_word' id='word_1_169' title='bbox 910 3544 989 3605; x_wconf 89' lang='lat' dir='ltr'><strong>vidit</strong></span> <span class='ocrx_word' id='word_1_170' title='bbox 1013 3544 1123 3605; x_wconf 82' lang='lat' dir='ltr'><strong>Cicero</strong></span> <span class='ocrx_word' id='word_1_171' title='bbox 1148 3542 1253 3606; x_wconf 91' lang='lat' dir='ltr'><strong>adhuc</strong></span> <span class='ocrx_word' id='word_1_172' title='bbox 1274 3564 1362 3624; x_wconf 88' lang='lat' dir='ltr'><strong>puer,</strong></span> 
     </span>
    </p>
   </div>
   <div class='ocr_carea' id='block_1_4' title="bbox 1074 3794 1364 3807">
    <p class='ocr_par' dir='ltr' id='par_1_6' title="bbox 1074 3794 1364 3807">
     <span class='ocr_line' id='line_1_31' title="bbox 1074 3794 1364 3807; baseline 0.003 -1"><span class='ocrx_word' id='word_1_173' title='bbox 1074 3794 1364 3807; x_wconf 44' lang='lat' dir='ltr'><strong>——w</strong></span> 
     </span>
    </p>
   </div>
   <div class='ocr_carea' id='block_1_5' title="bbox 204 3947 1367 4363">
    <p class='ocr_par' dir='ltr' id='par_1_7' title="bbox 236 3947 527 4012">
     <span class='ocr_line' id='line_1_32' title="bbox 236 3947 527 4012; baseline 0 -15"><span class='ocrx_word' id='word_1_174' title='bbox 236 3949 273 4012; x_wconf 91' lang='lat' dir='ltr'><strong>(l)</strong></span> <span class='ocrx_word' id='word_1_175' title='bbox 291 3947 527 4010; x_wconf 78' lang='lat' dir='ltr'><strong>Lucret.,)&#39;,10ll.</strong></span> 
     </span>
    </p>

    <p class='ocr_par' dir='ltr' id='par_1_8' title="bbox 237 4038 582 4104">
     <span class='ocr_line' id='line_1_33' title="bbox 237 4038 582 4104; baseline 0.003 -17"><span class='ocrx_word' id='word_1_176' title='bbox 237 4041 272 4103; x_wconf 81' lang='lat'><strong>(2)</strong></span> <span class='ocrx_word' id='word_1_177' title='bbox 292 4038 404 4089; x_wconf 81' lang='lat' dir='ltr'><strong>Caecilius</strong></span> <span class='ocrx_word' id='word_1_178' title='bbox 416 4038 582 4104; x_wconf 83' lang='lat' dir='ltr'><strong>Luciliusque.</strong></span> 
     </span>
    </p>

    <p class='ocr_par' dir='ltr' id='par_1_9' title="bbox 236 4121 828 4189">
     <span class='ocr_line' id='line_1_34' title="bbox 236 4121 828 4189; baseline -0.005 -16"><span class='ocrx_word' id='word_1_179' title='bbox 236 4124 272 4188; x_wconf 83' lang='lat'><strong>(3)</strong></span> <span class='ocrx_word' id='word_1_180' title='bbox 289 4123 308 4171; x_wconf 87' lang='lat' dir='ltr'>E</span> <span class='ocrx_word' id='word_1_181' title='bbox 324 4122 414 4189; x_wconf 86' lang='lat' dir='ltr'><strong>quibus</strong></span> <span class='ocrx_word' id='word_1_182' title='bbox 428 4123 536 4173; x_wconf 84' lang='lat' dir='ltr'><strong>eminent</strong></span> <span class='ocrx_word' id='word_1_183' title='bbox 548 4121 644 4172; x_wconf 82' lang='lat' dir='ltr'><strong>Naevius</strong></span> <span class='ocrx_word' id='word_1_184' title='bbox 658 4138 686 4172; x_wconf 90' lang='lat' dir='ltr'><strong>ae</strong></span> <span class='ocrx_word' id='word_1_185' title='bbox 700 4121 828 4172; x_wconf 85' lang='lat' dir='ltr'><strong>Pacuvius.</strong></span> 
     </span>
    </p>

    <p class='ocr_par' dir='ltr' id='par_1_10' title="bbox 204 4205 1367 4363">
     <span class='ocr_line' id='line_1_35' title="bbox 232 4205 1367 4278; baseline 0.001 -20"><span class='ocrx_word' id='word_1_186' title='bbox 232 4212 269 4274; x_wconf 84' lang='lat' dir='ltr'><strong>(t)</strong></span> <span class='ocrx_word' id='word_1_187' title='bbox 286 4208 342 4258; x_wconf 81' lang='lat' dir='ltr'><strong>vid.</strong></span> <span class='ocrx_word' id='word_1_188' title='bbox 358 4207 500 4258; x_wconf 79' lang='lat' dir='ltr'><strong>Pacuvium.</strong></span> <span class='ocrx_word' id='word_1_189' title='bbox 515 4207 609 4258; x_wconf 85' lang='lat' dir='ltr'><strong>Tullius</strong></span> <span class='ocrx_word' id='word_1_190' title='bbox 623 4209 737 4273; x_wconf 83' lang='lat' dir='ltr'><strong>(Orator,</strong></span> <span class='ocrx_word' id='word_1_191' title='bbox 752 4224 806 4274; x_wconf 86' lang='lat' dir='ltr'><strong>cap.</strong></span> <span class='ocrx_word' id='word_1_192' title='bbox 827 4209 869 4272; x_wconf 73' lang='lat'><strong>49)</strong></span> <span class='ocrx_word' id='word_1_193' title='bbox 890 4205 983 4273; x_wconf 83' lang='lat' dir='ltr'><strong>profert</strong></span> <span class='ocrx_word' id='word_1_194' title='bbox 1005 4205 1079 4257; x_wconf 83' lang='lat' dir='ltr'><strong>verba</strong></span> <span class='ocrx_word' id='word_1_195' title='bbox 1102 4221 1108 4255; x_wconf 92' lang='lat'><strong>:</strong></span> <span class='ocrx_word' id='word_1_196' title='bbox 1130 4205 1327 4278; x_wconf 79' lang='lat' dir='ltr'><strong>perterricrepus</strong></span> <span class='ocrx_word' id='word_1_197' title='bbox 1344 4216 1367 4259; x_wconf 79' lang='lat' dir='ltr'><strong>et</strong></span> 
     </span>
     <span class='ocr_line' id='line_1_36' title="bbox 204 4293 388 4363; baseline 0.005 -19"><span class='ocrx_word' id='word_1_198' title='bbox 204 4293 388 4363; x_wconf 77' lang='lat' dir='ltr'><strong>versutiloquus.</strong></span> 
     </span>
    </p>
   </div>
   <div class='ocr_carea' id='block_1_6' title="bbox 0 0 1425 4770">
    <p class='ocr_par' dir='ltr' id='par_1_11' title="bbox 0 0 1425 4770">
     <span class='ocr_line' id='line_1_37' title="bbox 0 0 1425 4770; baseline 0 0"><span class='ocrx_word' id='word_1_199' title='bbox 0 0 1425 4770; x_wconf 95' lang='lat' dir='ltr'><strong> </strong></span> 
     </span>
    </p>
   </div>
  </div>
 </body>
</html>
