2790 4770
655 267 857 329 -186-

517 487 684 554 Xenophontis
697 485 841 550 Memorab„
854 486 886 546 II,
906 489 930 551 i,
946 491 986 539 at.
1022 513 1028 521 ν
1065 471 1067 474 ,

232 655 296 722 Καὶ
316 645 470 749 Πρόδικος
496 647 533 724 δὲ
563 661 693 748 despit
717 662 745 726 ε’ν
775 668 820 746 τῷ
854 657 1074 752 συγγράμματι
1104 667 1149 746 τῷ
1178 658 1247 749 περὶ
1279 667 1334 724 τοῦ

180 765 367 875 Ἡρακλέους,
382 783 456 871 ὅπερ
475 773 514 856 δὴ
536 781 588 850 καὶ
607 781 763 860 πλείστοις
783 773 1004 869 ἐπιδείκνυται,
1024 783 1171 861 ὡσαύτως
1195 783 1264 873 περὶ
1280 792 1343 860 τῆς.

180 907 289 1000 αἱρετῆς
308 907 512 999 ἀποφαίνεται
527 899 590 975 ὧδέ
607 910 801 1003 πωςλέγων,
821 912 879 976 όοα
899 910 960 1005 ἐγὼ
982 911 1151 1001 μέμνημαι.
1178 907 1258 981 Φησὶ
1275 906 1332 1002 γὰρ

180 1021 338 1130 Ηρακλέα,
359 1035 423 1105 ἐπεὶ
442 1039 477 1104 ἐκ
497 1027 618 1106 παίδων
639 1035 679 1115 εἰς
696 1033 774 1112 ἥόην
792 1042 917 1130 1ὡρμᾶτο
933 1025 977 1130 (ἐν
995 1049 1014 1133 ρ’
1035 1037 1064 1106 οἱ
1081 1040 1141 1106 νέοι
1162 1029 1224 1113 ἤδη
1241 1041 1334 1106 αὐτο·

178 1159 324 1255 κροίτορες
345 1163 518 1257 γιγνόμενοι
541 1152 686 1263 Ιδηλοιῑοιν
714 1161 775 1229 εἴτε
802 1165 858 1238 τὴν
881 1155 923 1230 δι’
939 1165 1046 1256 ἀρετῆς
1070 1144 1141 1231 ὁδὸν
1168 1159 1336 1257 τρέψονται

177 1285 229 1354 ’ἐπὶ
244 1288 298 1355 τὸν
312 1278 401 1376 βίον,
417 1284 478 1354 εἴτε
492 1289 549 1361 τὴν
566 1278 619 1354 διὰ
633 1275 777 1380 κακίας),
797 1281 960 1366 ἐξελθόντα
972 1264 1012 1368 εἰς
1030 1288 1159 1383 ἡσυχίαν
1172 1288 1335 1374 καθῆσθαι,

179 1410 356 1506 ἀποροῦντα
374 1413 526 1506 ὁποτέραν
547 1419 609 1479 τῶν
626 1402 706 1480 ὁδῶν
721 1411 891 1506 τράπηται.

554 1604 619 1666 cte„
634 1603 666 1654 de
682 1604 789 1672 Officiis,
805 1606 825 1666 I,
841 1623 893 1673 cap.
911 1609 951 1657 32.

214 1745 286 1799 Nam
296 1741 369 1817 quod
379 1744 529 1800 Herculem
541 1742 701 1800 Prodioium
714 1741 820 1811 dieunt,
831 1746 861 1799 ut
871 1751 913 1800 est
923 1742 997 1816 apud
1009 1741 1240 1815 Xenophontem,
1251 1759 1338 1816 quum

179 1830 301 1906 primum
316 1832 478 1904 pubesceret
492 1830 578 1904 (quod
591 1840 702 1905 tempus
717 1848 732 1886 a
749 1839 849 1887 natura
864 1830 899 1888 ad
914 1830 1108 1905 deligendum,
1122 1847 1207 1905 quam
1221 1831 1340 1905 quisque

179 1921 252 1978 viarn
265 1921 372 1980 vivendi
387 1923 424 1979 sit
439 1922 627 1996 ingressurus,
642 1921 737 1978 datum
755 1926 824 1991 est),
840 1920 928 1978 exisse
941 1923 969 1979 in
989 1921 1182 1989 solitudinem,
1203 1931 1287 1995 atque
1302 1922 1339 1979 ibi

177 2010 322 2068 sedentem
334 2010 382 2068 diu
396 2027 490 2069 seeum
500 2012 679 2084 multumque
689 2010 840 2078 dubitasse,
856 2027 941 2084 quum
951 2010 1023 2068 duas
1036 2020 1162 2070 cerneret
1174 2011 1243 2082 riaS,
1254 2027 1340 2068 unam

178 2101 340 2174 voluptatis,
351 2103 468 2161 aiteram
479 2103 601 2173 virtutis,
615 2108 708 2159 utram
722 2100 828 2175 ingredi
843 2101 942 2171 meiius
955 2090 1037 2158 esset.

335 2418 337 2422 ·
378 2389 580 2444 nnlsrotubls
595 2388 665 2442 toul
679 2389 700 2441 Α
715 2387 873 2441 CICERONE
888 2387 1126 2460 Iutunraurnrl.

643 2566 723 2632 Ides,
739 2566 783 2632 ΙΙΙ,
799 2573 822 2628 8,
840 2573 864 2620 3.

232 2719 285 2786 Διὸ
301 2717 409 2811 ῥυθμὸν
423 2708 475 2784 δεῖ
483 2718 558 2809 ἔχειν
576 2718 749 2811 τὸνλόγον,
765 2721 876 2811 μέτρον
893 2708 927 2786 δὲ
943 2721 1006 2810 μή·
1022 2716 1143 2811 ποίημα
1159 2713 1218 2813 γὰρ
1234 2720 1336 2790 ἔσται,

178 2830 298 2940 Ῥυθμὸν
317 2836 352 2914 δὲ
372 2850 414 2940 μὴ
434 2839 587 2940 ἀκριόῶς·
609 2853 704 2911 τοῦτο
726 2835 755 2909 δ’
775 2847 874 2928 ἔσται,
895 2840 945 2910 ἐὰν
962 2847 1051 2938 μέχρι
1067 2870 1123 2912 τον
1142 2841 1173 2938 ᾖ.
1191 2849 1261 2912 Τῶν
1281 2843 1337 2933 μὲν

75 2999 78 3003 ·
181 2972 298 3065 ῥυθμῶν
316 2976 332 3039 ό
354 2972 408 3065 μὲν
423 2978 532 3064 ήρῷος,
558 2969 666 3061 σεμνὸς
688 2969 739 3037 καὶ
763 2972 905 3049 λεκτικὸς
925 2971 977 3038 καὶ
1000 2969 1145 3066 ἁρμονίας
1167 2961 1337 3062 δεόμενος·

178 3089 241 3162 ὁδ’
267 3094 375 3187 ’ίαμόος
395 3098 473 3171 αὐτό
494 3099 611 3164 ἐοτινή
640 3086 721 3172 λέξις
742 3098 759 3168 ν’]
784 3104 844 3161 τῶν
864 3100 998 3161 πολλῶν.
1025 3097 1077 3163 Διὸ
1098 3095 1238 3188 μαλιστα
1257 3095 1339 3162 ποίν-

179 3244 240 3284 των
254 3227 318 3284 τῶν
340 3219 460 3310 μέτρων
490 3211 616 3306 ίαμόεία
637 3217 820 3313 φθέγγονται
840 3220 1000 3313 λέγοντες.
1027 3201 1084 3289 Δεῖ
1098 3213 1134 3289 δὲ
1158 3222 1339 3313 σεμνότητα

180 3342 319 3436 γενέσθαι
336 3341 387 3409 καὶ
401 3343 557 3416 ἐκστῆσαι.

637 3506 734 3565 Orator,
750 3519 804 3568 cap.
819 3501 858 3551 Ll.

216 3643 339 3708 Orator,
357 3655 418 3712 cap.
437 3642 483 3695 II.
504 3672 528 3679 -
544 3644 571 3696 Is
587 3641 670 3714 igitur
689 3656 798 3696 versum
817 3638 984 3696 irroratione
1000 3649 1073 3697 votat
1092 3657 1166 3712 osse,
1187 3659 1341 3701 numerum

178 3730 267 3805 jubet.

212 3823 335 3889 Ibidem,
351 3839 410 3894 cap.
427 3825 514 3878 LVII.
526 3852 560 3863 —
573 3822 652 3892 Quod
668 3823 748 3894 longe
768 3822 909 3879 Aristoteli
930 3823 1037 3887 videtur
1056 3838 1152 3891 secus,
1173 3825 1219 3897 qui
1232 3825 1342 3900 Judioat

177 3912 294 3968 heroum
308 3929 454 3968 numerum
470 3913 658 3984 grandiorem,
673 3929 754 3986 quam
769 3912 906 3969 desideret
919 3913 1010 3968 soluta
1030 3912 1133 3981 oratio;
1148 3913 1272 3971 iambum
1289 3932 1340 3972 au·

180 4010 234 4057 tem
256 4000 339 4056 nimis
354 4018 368 4054 o
383 4000 487 4071 vulgari
505 4017 563 4056 esso
579 4017 715 4057 sermone.
737 4004 835 4073 itaque
855 4018 944 4073 neque
957 4001 1106 4068 humilem,
1129 4018 1180 4058 nec
1197 4004 1339 4077 abjectam

177 4091 344 4159 orationem,
356 4104 406 4144 neo
417 4088 499 4143 nimis
511 4090 594 4144 attam
604 4097 631 4144 et
641 4099 834 4163 exaggeratam
845 4091 959 4163 probat3
974 4091 1085 4161 plenam
1096 4099 1192 4161 tamen
1203 4108 1268 4149 eam
1281 4097 1342 4152 vult

178 4195 237 4235 esse
252 4177 411 4251 grauitatis,
425 4187 454 4234 ut
472 4194 519 4234 eos
538 4179 582 4251 qui
598 4179 728 4247 audient,
743 4179 779 4236 ad
794 4179 930 4252 majorem
944 4180 1160 4237 admirationem
1174 4183 1263 4253 possit
1280 4192 1339 4242 tra·

179 4268 289 4325 ducere.
