<?xml version="1.0" encoding="UTF-8"?>
<!DOCTYPE html PUBLIC "-//W3C//DTD XHTML 1.0 Transitional//EN"
    "http://www.w3.org/TR/xhtml1/DTD/xhtml1-transitional.dtd">
<html xmlns="http://www.w3.org/1999/xhtml" xml:lang="en" lang="en">
 <head>
  <title>
</title>
<meta http-equiv="Content-Type" content="text/html;charset=utf-8" />
  <meta name='ocr-system' content='tesseract 3.04.00' />
  <meta name='ocr-capabilities' content='ocr_page ocr_carea ocr_par ocr_line ocrx_word'/>
</head>
<body>
  <div class='ocr_page' id='page_1' title='image "./demtciceronegrc00clavgoog_0195.png"; bbox 0 0 2790 4770; ppageno 0'>
   <div class='ocr_carea' id='block_1_1' title="bbox 662 308 864 373">
    <p class='ocr_par' dir='ltr' id='par_1_1' title="bbox 662 308 864 373">
     <span class='ocr_line' id='line_1_1' title="bbox 662 308 864 373; baseline 0.005 -2"><span class='ocrx_word' id='word_1_1' title='bbox 662 308 864 373; x_wconf 77' lang='lat'>-162-</span> 
     </span>
    </p>
   </div>
   <div class='ocr_carea' id='block_1_2' title="bbox 183 418 1390 615">
    <p class='ocr_par' dir='ltr' id='par_1_2' title="bbox 183 418 1390 615">
     <span class='ocr_line' id='line_1_2' title="bbox 184 418 1390 522; baseline 0.006 -24"><span class='ocrx_word' id='word_1_2' title='bbox 184 439 315 512; x_wconf 78' lang='lat' dir='ltr'>debatur,</span> <span class='ocrx_word' id='word_1_3' title='bbox 334 458 421 515; x_wconf 87' lang='lat' dir='ltr'>quum</span> <span class='ocrx_word' id='word_1_4' title='bbox 441 441 583 499; x_wconf 78' lang='lat' dir='ltr'>inlocum</span> <span class='ocrx_word' id='word_1_5' title='bbox 603 425 738 502; x_wconf 65' lang='lat' dir='ltr'>eubulum</span> <span class='ocrx_word' id='word_1_6' title='bbox 762 422 922 505; x_wconf 82' lang='lat' dir='ltr'>iuverteret.</span> <span class='ocrx_word' id='word_1_7' title='bbox 943 450 1043 521; x_wconf 84' lang='lat' dir='ltr'>ltaque</span> <span class='ocrx_word' id='word_1_8' title='bbox 1061 448 1115 506; x_wconf 84' lang='lat' dir='ltr'>hau</span> <span class='ocrx_word' id='word_1_9' title='bbox 1135 448 1346 522; x_wconf 80' lang='lat' dir='ltr'>opportunitate</span> <span class='ocrx_word' id='word_1_10' title='bbox 1385 418 1390 426; x_wconf 31' lang='grc' dir='ltr'>Ι</span> 
     </span>
     <span class='ocr_line' id='line_1_3' title="bbox 183 529 1347 615; baseline 0.009 -31"><span class='ocrx_word' id='word_1_11' title='bbox 183 529 277 615; x_wconf 79' lang='grc' dir='ltr'>οουοΙί</span> <span class='ocrx_word' id='word_1_12' title='bbox 289 545 355 587; x_wconf 89' lang='lat' dir='ltr'>usus</span> <span class='ocrx_word' id='word_1_13' title='bbox 368 530 473 605; x_wconf 82' lang='lat' dir='ltr'>reginae</span> <span class='ocrx_word' id='word_1_14' title='bbox 487 539 616 604; x_wconf 84' lang='lat' dir='ltr'>stuprum</span> <span class='ocrx_word' id='word_1_15' title='bbox 630 532 744 605; x_wconf 80' lang='lat' dir='ltr'>intulit,</span> <span class='ocrx_word' id='word_1_16' title='bbox 762 549 849 607; x_wconf 84' lang='lat' dir='ltr'>eaque</span> <span class='ocrx_word' id='word_1_17' title='bbox 863 535 998 609; x_wconf 81' lang='lat' dir='ltr'>adjutrice</span> <span class='ocrx_word' id='word_1_18' title='bbox 1009 552 1104 610; x_wconf 84' lang='lat' dir='ltr'>regem</span> <span class='ocrx_word' id='word_1_19' title='bbox 1114 535 1260 593; x_wconf 89' lang='lat' dir='ltr'>domiuum</span> <span class='ocrx_word' id='word_1_20' title='bbox 1273 535 1347 594; x_wconf 87' lang='lat' dir='ltr'>iute-</span> 
     </span>
    </p>
   </div>
   <div class='ocr_carea' id='block_1_3' title="bbox 181 628 1346 798">
    <p class='ocr_par' dir='ltr' id='par_1_3' title="bbox 181 628 1346 798">
     <span class='ocr_line' id='line_1_4' title="bbox 183 628 1346 707; baseline 0.007 -23"><span class='ocrx_word' id='word_1_21' title='bbox 183 628 283 696; x_wconf 82' lang='lat' dir='ltr'>remit3</span> <span class='ocrx_word' id='word_1_22' title='bbox 297 629 407 685; x_wconf 85' lang='lat' dir='ltr'><strong>sustulit</strong></span> <span class='ocrx_word' id='word_1_23' title='bbox 418 644 488 702; x_wconf 85' lang='lat' dir='ltr'>quos</span> <span class='ocrx_word' id='word_1_24' title='bbox 501 630 612 688; x_wconf 84' lang='lat' dir='ltr'>obstare</span> <span class='ocrx_word' id='word_1_25' title='bbox 630 631 832 703; x_wconf 83' lang='lat' dir='ltr'>arbitrabatur;</span> <span class='ocrx_word' id='word_1_26' title='bbox 846 650 899 691; x_wconf 86' lang='lat' dir='ltr'>neo</span> <span class='ocrx_word' id='word_1_27' title='bbox 910 633 940 691; x_wconf 91' lang='lat' dir='ltr'>in</span> <span class='ocrx_word' id='word_1_28' title='bbox 950 634 993 692; x_wconf 88' lang='lat' dir='ltr'>his</span> <span class='ocrx_word' id='word_1_29' title='bbox 1006 650 1071 692; x_wconf 91' lang='lat' dir='ltr'>eum</span> <span class='ocrx_word' id='word_1_30' title='bbox 1080 633 1253 692; x_wconf 80' lang='lat' dir='ltr'><strong>facinoribus</strong></span> <span class='ocrx_word' id='word_1_31' title='bbox 1269 633 1346 707; x_wconf 85' lang='lat' dir='ltr'>quis·</span> 
     </span>
     <span class='ocr_line' id='line_1_5' title="bbox 181 717 1306 798; baseline 0.007 -25"><span class='ocrx_word' id='word_1_32' title='bbox 181 732 265 791; x_wconf 83' lang='lat' dir='ltr'>quam</span> <span class='ocrx_word' id='word_1_33' title='bbox 278 719 367 790; x_wconf 86' lang='lat' dir='ltr'>potuit</span> <span class='ocrx_word' id='word_1_34' title='bbox 381 717 485 776; x_wconf 83' lang='lat' dir='ltr'>videre.</span> <span class='ocrx_word' id='word_1_35' title='bbox 498 719 542 776; x_wconf 83' lang='lat' dir='ltr'>Siu</span> <span class='ocrx_word' id='word_1_36' title='bbox 559 730 673 794; x_wconf 82' lang='lat' dir='ltr'>repente</span> <span class='ocrx_word' id='word_1_37' title='bbox 687 722 783 779; x_wconf 86' lang='lat' dir='ltr'>ouuuli</span> <span class='ocrx_word' id='word_1_38' title='bbox 794 722 930 781; x_wconf 84' lang='lat' dir='ltr'>beueiioio</span> <span class='ocrx_word' id='word_1_39' title='bbox 940 739 988 781; x_wconf 86' lang='lat' dir='ltr'>rex</span> <span class='ocrx_word' id='word_1_40' title='bbox 1000 731 1112 782; x_wconf 86' lang='lat' dir='ltr'>exortus</span> <span class='ocrx_word' id='word_1_41' title='bbox 1124 731 1167 782; x_wconf 86' lang='lat' dir='ltr'>est</span> <span class='ocrx_word' id='word_1_42' title='bbox 1176 723 1284 798; x_wconf 82' lang='lat' dir='ltr'>Lydiae.</span> <span class='ocrx_word' id='word_1_43' title='bbox 1293 747 1306 774; x_wconf 77' lang='grc' dir='ltr'>ν</span> 
     </span>
    </p>
   </div>
   <div class='ocr_carea' id='block_1_4' title="bbox 637 1037 890 1103">
    <p class='ocr_par' dir='ltr' id='par_1_4' title="bbox 637 1037 890 1103">
     <span class='ocr_line' id='line_1_6' title="bbox 637 1037 890 1103; baseline 0.008 -16"><span class='ocrx_word' id='word_1_44' title='bbox 637 1037 765 1097; x_wconf 83' lang='grc' dir='ltr'>Πολιτεία,</span> <span class='ocrx_word' id='word_1_45' title='bbox 780 1039 842 1103; x_wconf 82' lang='grc' dir='ltr'>βιθλ.</span> <span class='ocrx_word' id='word_1_46' title='bbox 859 1041 890 1089; x_wconf 86' lang='grc' dir='ltr'>θ.</span> 
     </span>
    </p>
   </div>
   <div class='ocr_carea' id='block_1_5' title="bbox 325 1180 1342 1297">
    <p class='ocr_par' dir='ltr' id='par_1_5' title="bbox 240 1180 1342 1297">
     <span class='ocr_line' id='line_1_7' title="bbox 325 1180 1342 1297; baseline 0.002 -30.846"><span class='ocrx_word' id='word_1_47' title='bbox 325 1180 409 1268; x_wconf 75' lang='grc' dir='ltr'>ὅταν</span> <span class='ocrx_word' id='word_1_48' title='bbox 431 1199 541 1292; x_wconf 79' lang='grc' dir='ltr'>τὸμὲν</span> <span class='ocrx_word' id='word_1_49' title='bbox 567 1194 644 1266; x_wconf 85' lang='grc' dir='ltr'>ἀλλο</span> <span class='ocrx_word' id='word_1_50' title='bbox 667 1210 722 1278; x_wconf 79' lang='grc' dir='ltr'>τῆς</span> <span class='ocrx_word' id='word_1_51' title='bbox 745 1196 845 1293; x_wconf 76' lang='grc' dir='ltr'>ψυχῆς</span> <span class='ocrx_word' id='word_1_52' title='bbox 874 1192 964 1294; x_wconf 85' lang='grc' dir='ltr'>εύδῃ,</span> <span class='ocrx_word' id='word_1_53' title='bbox 994 1202 1063 1268; x_wconf 85' lang='grc' dir='ltr'>ὅσον</span> <span class='ocrx_word' id='word_1_54' title='bbox 1087 1203 1265 1297; x_wconf 83' lang='grc' dir='ltr'>λογιστικὸν</span> <span class='ocrx_word' id='word_1_55' title='bbox 1290 1200 1342 1269; x_wconf 91' lang='grc' dir='ltr'>καὶ</span> 
     </span>
    </p>
   </div>
   <div class='ocr_carea' id='block_1_6' title="bbox 180 1318 1349 3675">
    <p class='ocr_par' dir='ltr' id='par_1_6' title="bbox 180 1318 1349 3675">
     <span class='ocr_line' id='line_1_8' title="bbox 181 1318 1341 1424; baseline 0.001 -30"><span class='ocrx_word' id='word_1_56' title='bbox 181 1335 292 1422; x_wconf 76' lang='grc' dir='ltr'>ἥμερον</span> <span class='ocrx_word' id='word_1_57' title='bbox 314 1324 366 1393; x_wconf 87' lang='grc' dir='ltr'>καὶ</span> <span class='ocrx_word' id='word_1_58' title='bbox 380 1323 473 1420; x_wconf 82' lang='grc' dir='ltr'>άρχον</span> <span class='ocrx_word' id='word_1_59' title='bbox 495 1323 619 1410; x_wconf 87' lang='grc' dir='ltr'>ἐκείνου,</span> <span class='ocrx_word' id='word_1_60' title='bbox 638 1328 673 1394; x_wconf 84' lang='grc' dir='ltr'>τὸ</span> <span class='ocrx_word' id='word_1_61' title='bbox 696 1318 731 1395; x_wconf 87' lang='grc' dir='ltr'>δὲ</span> <span class='ocrx_word' id='word_1_62' title='bbox 748 1319 894 1421; x_wconf 86' lang='grc' dir='ltr'>θηριῶδές</span> <span class='ocrx_word' id='word_1_63' title='bbox 912 1354 948 1395; x_wconf 85' lang='grc' dir='ltr'>τε</span> <span class='ocrx_word' id='word_1_64' title='bbox 971 1327 1023 1395; x_wconf 84' lang='grc' dir='ltr'>καὶ</span> <span class='ocrx_word' id='word_1_65' title='bbox 1041 1325 1182 1424; x_wconf 77' lang='grc' dir='ltr'>άγριονίη</span> <span class='ocrx_word' id='word_1_66' title='bbox 1205 1328 1300 1397; x_wconf 84' lang='grc' dir='ltr'>σίτων</span> <span class='ocrx_word' id='word_1_67' title='bbox 1322 1327 1341 1403; x_wconf 77' lang='grc' dir='ltr'><strong>ἢ</strong></span> 
     </span>
     <span class='ocr_line' id='line_1_9' title="bbox 183 1447 1343 1548; baseline 0.002 -26"><span class='ocrx_word' id='word_1_68' title='bbox 183 1454 274 1546; x_wconf 80' lang='grc' dir='ltr'><strong>μέθης</strong></span> <span class='ocrx_word' id='word_1_69' title='bbox 292 1451 423 1526; x_wconf 75' lang='grc' dir='ltr'>πλησθὲν</span> <span class='ocrx_word' id='word_1_70' title='bbox 440 1456 553 1546; x_wconf 82' lang='grc' dir='ltr'>σκιρτᾷ</span> <span class='ocrx_word' id='word_1_71' title='bbox 571 1477 605 1518; x_wconf 89' lang='grc' dir='ltr'>τε</span> <span class='ocrx_word' id='word_1_72' title='bbox 623 1451 675 1520; x_wconf 89' lang='grc' dir='ltr'>καὶ</span> <span class='ocrx_word' id='word_1_73' title='bbox 694 1450 894 1542; x_wconf 78' lang='grc' dir='ltr'>ἀπωσάμενον</span> <span class='ocrx_word' id='word_1_74' title='bbox 919 1452 971 1520; x_wconf 82' lang='grc' dir='ltr'>τὸν</span> <span class='ocrx_word' id='word_1_75' title='bbox 986 1456 1081 1522; x_wconf 89' lang='grc' dir='ltr'>ύπνον</span> <span class='ocrx_word' id='word_1_76' title='bbox 1100 1447 1176 1548; x_wconf 78' lang='grc' dir='ltr'>ζητῇ</span> <span class='ocrx_word' id='word_1_77' title='bbox 1196 1452 1272 1520; x_wconf 82' lang='grc' dir='ltr'>ἰέναι</span> <span class='ocrx_word' id='word_1_78' title='bbox 1290 1456 1343 1524; x_wconf 87' lang='grc' dir='ltr'>καὶ</span> 
     </span>
     <span class='ocr_line' id='line_1_10' title="bbox 180 1571 1342 1668; baseline -0.003 -23"><span class='ocrx_word' id='word_1_79' title='bbox 180 1576 418 1666; x_wconf 75' lang='grc' dir='ltr'>ἀποπιμπλάναι</span> <span class='ocrx_word' id='word_1_80' title='bbox 439 1574 478 1642; x_wconf 89' lang='grc' dir='ltr'>τά</span> <span class='ocrx_word' id='word_1_81' title='bbox 499 1581 595 1643; x_wconf 78' lang='grc' dir='ltr'>αὑτοῦ</span> <span class='ocrx_word' id='word_1_82' title='bbox 609 1575 678 1650; x_wconf 77' lang='grc' dir='ltr'>ἤθη·</span> <span class='ocrx_word' id='word_1_83' title='bbox 696 1571 770 1644; x_wconf 85' lang='grc' dir='ltr'>οἷσθ’</span> <span class='ocrx_word' id='word_1_84' title='bbox 785 1578 833 1644; x_wconf 78' lang='grc' dir='ltr'>ὅτι</span> <span class='ocrx_word' id='word_1_85' title='bbox 855 1574 958 1644; x_wconf 88' lang='grc' dir='ltr'>πάντα</span> <span class='ocrx_word' id='word_1_86' title='bbox 974 1579 1003 1643; x_wconf 89' lang='grc' dir='ltr'>ἐν</span> <span class='ocrx_word' id='word_1_87' title='bbox 1023 1584 1069 1663; x_wconf 81' lang='grc' dir='ltr'>τῷ</span> <span class='ocrx_word' id='word_1_88' title='bbox 1086 1578 1220 1664; x_wconf 91' lang='grc' dir='ltr'>τοιούτῳ</span> <span class='ocrx_word' id='word_1_89' title='bbox 1238 1578 1342 1668; x_wconf 78' lang='grc' dir='ltr'>τολμᾷ</span> 
     </span>
     <span class='ocr_line' id='line_1_11' title="bbox 182 1699 1342 1798; baseline -0.001 -26"><span class='ocrx_word' id='word_1_90' title='bbox 182 1710 291 1786; x_wconf 82' lang='grc' dir='ltr'>ποιεῖν,</span> <span class='ocrx_word' id='word_1_91' title='bbox 304 1706 344 1780; x_wconf 82' lang='grc' dir='ltr'>ὠς</span> <span class='ocrx_word' id='word_1_92' title='bbox 359 1702 421 1769; x_wconf 86' lang='grc' dir='ltr'>ἀπὸ</span> <span class='ocrx_word' id='word_1_93' title='bbox 440 1699 541 1780; x_wconf 88' lang='grc' dir='ltr'>πάσης</span> <span class='ocrx_word' id='word_1_94' title='bbox 553 1703 719 1793; x_wconf 74' lang='grc' dir='ltr'>λελυμένον</span> <span class='ocrx_word' id='word_1_95' title='bbox 739 1727 772 1769; x_wconf 89' lang='grc' dir='ltr'>τε</span> <span class='ocrx_word' id='word_1_96' title='bbox 795 1700 847 1768; x_wconf 78' lang='grc' dir='ltr'>καὶ</span> <span class='ocrx_word' id='word_1_97' title='bbox 865 1702 1103 1798; x_wconf 78' lang='grc' dir='ltr'>ἀπηλλαγμένον</span> <span class='ocrx_word' id='word_1_98' title='bbox 1125 1703 1269 1798; x_wconf 81' lang='grc' dir='ltr'>αἰσχύνης</span> <span class='ocrx_word' id='word_1_99' title='bbox 1290 1702 1342 1771; x_wconf 87' lang='grc' dir='ltr'>καὶ</span> 
     </span>
     <span class='ocr_line' id='line_1_12' title="bbox 182 1819 1341 1923; baseline -0.003 -26"><span class='ocrx_word' id='word_1_100' title='bbox 182 1830 372 1921; x_wconf 70' lang='grc' dir='ltr'>φρονήσεως·</span> <span class='ocrx_word' id='word_1_101' title='bbox 400 1825 496 1920; x_wconf 88' lang='grc' dir='ltr'>μητρί</span> <span class='ocrx_word' id='word_1_102' title='bbox 521 1852 554 1894; x_wconf 87' lang='grc' dir='ltr'>τε</span> <span class='ocrx_word' id='word_1_103' title='bbox 576 1824 635 1923; x_wconf 87' lang='grc' dir='ltr'>γάρ</span> <span class='ocrx_word' id='word_1_104' title='bbox 662 1831 822 1921; x_wconf 76' lang='grc' dir='ltr'>ἐπιχειρεῖν</span> <span class='ocrx_word' id='word_1_105' title='bbox 844 1826 1024 1920; x_wconf 82' lang='grc' dir='ltr'>μίγνυσθαι,</span> <span class='ocrx_word' id='word_1_106' title='bbox 1048 1835 1088 1908; x_wconf 85' lang='grc' dir='ltr'>ὡς</span> <span class='ocrx_word' id='word_1_107' title='bbox 1116 1825 1225 1912; x_wconf 91' lang='grc' dir='ltr'>οίεται,</span> <span class='ocrx_word' id='word_1_108' title='bbox 1253 1819 1341 1896; x_wconf 78' lang='grc' dir='ltr'>οὐδὲν</span> 
     </span>
     <span class='ocr_line' id='line_1_13' title="bbox 181 1950 1343 2048; baseline 0.002 -28"><span class='ocrx_word' id='word_1_109' title='bbox 181 1958 265 2022; x_wconf 84' lang='grc' dir='ltr'>ὀκνεῖ</span> <span class='ocrx_word' id='word_1_110' title='bbox 276 1950 361 2040; x_wconf 86' lang='grc' dir='ltr'>ἀλλῳ</span> <span class='ocrx_word' id='word_1_111' title='bbox 375 1977 409 2019; x_wconf 90' lang='grc' dir='ltr'>τε</span> <span class='ocrx_word' id='word_1_112' title='bbox 427 1956 552 2040; x_wconf 75' lang='grc' dir='ltr'>ὁτῳοῦνΙ</span> <span class='ocrx_word' id='word_1_113' title='bbox 564 1950 731 2043; x_wconf 83' lang='grc' dir='ltr'>ἀνθρώπων</span> <span class='ocrx_word' id='word_1_114' title='bbox 743 1951 796 2018; x_wconf 86' lang='grc' dir='ltr'>καὶ</span> <span class='ocrx_word' id='word_1_115' title='bbox 812 1950 885 2018; x_wconf 88' lang='grc' dir='ltr'>θεῶν</span> <span class='ocrx_word' id='word_1_116' title='bbox 905 1953 957 2020; x_wconf 91' lang='grc' dir='ltr'>καὶ</span> <span class='ocrx_word' id='word_1_117' title='bbox 979 1953 1101 2048; x_wconf 90' lang='grc' dir='ltr'>θηρίων,</span> <span class='ocrx_word' id='word_1_118' title='bbox 1123 1962 1291 2048; x_wconf 74' lang='grc' dir='ltr'>μιαιφονεῖν</span> <span class='ocrx_word' id='word_1_119' title='bbox 1309 1979 1343 2022; x_wconf 88' lang='grc' dir='ltr'>τε</span> 
     </span>
     <span class='ocr_line' id='line_1_14' title="bbox 183 2069 1344 2177; baseline -0.003 -26"><span class='ocrx_word' id='word_1_120' title='bbox 183 2089 297 2164; x_wconf 84' lang='grc' dir='ltr'>ὁτιοῦν,</span> <span class='ocrx_word' id='word_1_121' title='bbox 318 2080 484 2173; x_wconf 84' lang='grc' dir='ltr'>βρώματός</span> <span class='ocrx_word' id='word_1_122' title='bbox 501 2102 534 2145; x_wconf 94' lang='grc' dir='ltr'>τε</span> <span class='ocrx_word' id='word_1_123' title='bbox 554 2076 721 2169; x_wconf 81' lang='grc' dir='ltr'>ἀπέχεσθαι</span> <span class='ocrx_word' id='word_1_124' title='bbox 745 2069 890 2170; x_wconf 84' lang='grc' dir='ltr'>μηδενὸς,</span> <span class='ocrx_word' id='word_1_125' title='bbox 907 2079 959 2147; x_wconf 86' lang='grc' dir='ltr'>καὶ</span> <span class='ocrx_word' id='word_1_126' title='bbox 976 2080 1017 2149; x_wconf 85' lang='grc' dir='ltr'>ἑνὶ</span> <span class='ocrx_word' id='word_1_127' title='bbox 1039 2081 1125 2177; x_wconf 91' lang='grc' dir='ltr'>λύγῳ</span> <span class='ocrx_word' id='word_1_128' title='bbox 1145 2084 1217 2150; x_wconf 87' lang='grc' dir='ltr'>ούτε</span> <span class='ocrx_word' id='word_1_129' title='bbox 1238 2082 1344 2160; x_wconf 81' lang='grc' dir='ltr'>ἀνοίας</span> 
     </span>
     <span class='ocr_line' id='line_1_15' title="bbox 185 2193 1342 2303; baseline -0.001 -26"><span class='ocrx_word' id='word_1_130' title='bbox 185 2200 272 2277; x_wconf 86' lang='grc' dir='ltr'>οὐδὲν</span> <span class='ocrx_word' id='word_1_131' title='bbox 295 2205 426 2276; x_wconf 87' lang='grc' dir='ltr'>ἐλλείπει</span> <span class='ocrx_word' id='word_1_132' title='bbox 451 2205 517 2273; x_wconf 80' lang='grc' dir='ltr'>οὔτ’</span> <span class='ocrx_word' id='word_1_133' title='bbox 548 2203 774 2295; x_wconf 81' lang='grc' dir='ltr'>ἀναισχυντίας.</span> <span class='ocrx_word' id='word_1_134' title='bbox 798 2245 846 2257; x_wconf 90' lang='lat'>—-</span> <span class='ocrx_word' id='word_1_135' title='bbox 876 2193 1097 2294; x_wconf 82' lang='grc' dir='ltr'>Ᾰληθέστατα,</span> <span class='ocrx_word' id='word_1_136' title='bbox 1130 2209 1200 2300; x_wconf 79' lang='grc' dir='ltr'>ἔφη,</span> <span class='ocrx_word' id='word_1_137' title='bbox 1230 2210 1342 2303; x_wconf 79' lang='grc' dir='ltr'>λέγεις.</span> 
     </span>
     <span class='ocr_line' id='line_1_16' title="bbox 185 2314 1347 2429; baseline 0.002 -33"><span class='ocrx_word' id='word_1_138' title='bbox 185 2314 270 2400; x_wconf 78' lang='grc' dir='ltr'>ὅταν</span> <span class='ocrx_word' id='word_1_139' title='bbox 289 2325 325 2400; x_wconf 87' lang='grc' dir='ltr'>δέ</span> <span class='ocrx_word' id='word_1_140' title='bbox 338 2357 385 2426; x_wconf 86' lang='grc' dir='ltr'>γε,</span> <span class='ocrx_word' id='word_1_141' title='bbox 406 2327 502 2424; x_wconf 80' lang='grc' dir='ltr'>οἶμαι,</span> <span class='ocrx_word' id='word_1_142' title='bbox 522 2333 657 2429; x_wconf 80' lang='grc' dir='ltr'>θγιεινῶς</span> <span class='ocrx_word' id='word_1_143' title='bbox 672 2355 717 2406; x_wconf 90' lang='grc' dir='ltr'>τις</span> <span class='ocrx_word' id='word_1_144' title='bbox 732 2330 787 2423; x_wconf 79' lang='grc' dir='ltr'>ἔχῃ</span> <span class='ocrx_word' id='word_1_145' title='bbox 813 2331 904 2409; x_wconf 85' lang='grc' dir='ltr'>αὐτὸς</span> <span class='ocrx_word' id='word_1_146' title='bbox 927 2337 1024 2400; x_wconf 83' lang='grc' dir='ltr'>αὑτοῦ</span> <span class='ocrx_word' id='word_1_147' title='bbox 1041 2331 1093 2402; x_wconf 86' lang='grc' dir='ltr'>καὶ</span> <span class='ocrx_word' id='word_1_148' title='bbox 1112 2333 1276 2426; x_wconf 80' lang='grc' dir='ltr'>σωφρόνως</span> <span class='ocrx_word' id='word_1_149' title='bbox 1294 2331 1347 2402; x_wconf 87' lang='grc' dir='ltr'>καὶ</span> 
     </span>
     <span class='ocr_line' id='line_1_17' title="bbox 186 2453 1348 2550; baseline 0.001 -25"><span class='ocrx_word' id='word_1_150' title='bbox 186 2466 226 2537; x_wconf 88' lang='grc' dir='ltr'>εἰς</span> <span class='ocrx_word' id='word_1_151' title='bbox 240 2459 292 2526; x_wconf 84' lang='grc' dir='ltr'>τὸν</span> <span class='ocrx_word' id='word_1_152' title='bbox 307 2462 401 2525; x_wconf 86' lang='grc' dir='ltr'>ύπνον</span> <span class='ocrx_word' id='word_1_153' title='bbox 417 2453 460 2550; x_wconf 81' lang='grc' dir='ltr'>ἴῃ,</span> <span class='ocrx_word' id='word_1_154' title='bbox 475 2455 513 2523; x_wconf 81' lang='grc' dir='ltr'>τὸ</span> <span class='ocrx_word' id='word_1_155' title='bbox 524 2457 701 2548; x_wconf 78' lang='grc' dir='ltr'>λογιστικὸν</span> <span class='ocrx_word' id='word_1_156' title='bbox 722 2455 776 2548; x_wconf 82' lang='grc' dir='ltr'>μὲν</span> <span class='ocrx_word' id='word_1_157' title='bbox 797 2455 913 2549; x_wconf 78' lang='grc' dir='ltr'>ἐγείρας</span> <span class='ocrx_word' id='word_1_158' title='bbox 933 2460 1045 2526; x_wconf 76' lang='grc' dir='ltr'>ἑαυτοῦ</span> <span class='ocrx_word' id='word_1_159' title='bbox 1060 2459 1112 2527; x_wconf 89' lang='grc' dir='ltr'>καὶ</span> <span class='ocrx_word' id='word_1_160' title='bbox 1128 2457 1277 2537; x_wconf 83' lang='grc' dir='ltr'>ἑστιάσας</span> <span class='ocrx_word' id='word_1_161' title='bbox 1291 2457 1348 2526; x_wconf 80' lang='grc' dir='ltr'>λύ·</span> 
     </span>
     <span class='ocr_line' id='line_1_18' title="bbox 187 2576 1346 2678; baseline 0.003 -29"><span class='ocrx_word' id='word_1_162' title='bbox 187 2610 248 2678; x_wconf 92' lang='grc' dir='ltr'>γων</span> <span class='ocrx_word' id='word_1_163' title='bbox 267 2588 368 2649; x_wconf 83' lang='grc' dir='ltr'>καλῶν</span> <span class='ocrx_word' id='word_1_164' title='bbox 392 2582 444 2648; x_wconf 89' lang='grc' dir='ltr'>καὶ</span> <span class='ocrx_word' id='word_1_165' title='bbox 460 2576 607 2670; x_wconf 77' lang='grc' dir='ltr'>σκέψεων,</span> <span class='ocrx_word' id='word_1_166' title='bbox 633 2579 672 2658; x_wconf 83' lang='grc' dir='ltr'>εἰς</span> <span class='ocrx_word' id='word_1_167' title='bbox 691 2580 830 2648; x_wconf 89' lang='grc' dir='ltr'>σύννοιαν</span> <span class='ocrx_word' id='word_1_168' title='bbox 853 2582 946 2660; x_wconf 85' lang='grc' dir='ltr'>αὐτὸς</span> <span class='ocrx_word' id='word_1_169' title='bbox 973 2583 1281 2677; x_wconf 87' lang='grc' dir='ltr'>αὑτῷ·άφικύμενος,</span> <span class='ocrx_word' id='word_1_170' title='bbox 1308 2583 1346 2652; x_wconf 86' lang='grc' dir='ltr'>τὸ</span> 
     </span>
     <span class='ocr_line' id='line_1_19' title="bbox 188 2695 1347 2803; baseline 0 -27"><span class='ocrx_word' id='word_1_171' title='bbox 188 2703 406 2801; x_wconf 86' lang='grc' dir='ltr'>ἐπιθυμητικδν</span> <span class='ocrx_word' id='word_1_172' title='bbox 427 2696 463 2771; x_wconf 82' lang='grc' dir='ltr'>δὲ</span> <span class='ocrx_word' id='word_1_173' title='bbox 478 2705 558 2796; x_wconf 63' lang='grc' dir='ltr'>μήτε</span> <span class='ocrx_word' id='word_1_174' title='bbox 574 2695 676 2794; x_wconf 80' lang='grc' dir='ltr'>ἐνδείᾳ</span> <span class='ocrx_word' id='word_1_175' title='bbox 691 2695 763 2783; x_wconf 84' lang='grc' dir='ltr'>δοὺς</span> <span class='ocrx_word' id='word_1_176' title='bbox 779 2710 858 2796; x_wconf 69' lang='grc' dir='ltr'>μήτε</span> <span class='ocrx_word' id='word_1_177' title='bbox 876 2714 1054 2802; x_wconf 76' lang='grc' dir='ltr'>πλησμονῇ,</span> <span class='ocrx_word' id='word_1_178' title='bbox 1070 2711 1153 2786; x_wconf 81' lang='grc' dir='ltr'>ὅπως</span> <span class='ocrx_word' id='word_1_179' title='bbox 1168 2704 1203 2775; x_wconf 84' lang='grc' dir='ltr'>ἀν</span> <span class='ocrx_word' id='word_1_180' title='bbox 1215 2707 1347 2803; x_wconf 79' lang='grc' dir='ltr'>κοιμηθῇ</span> 
     </span>
     <span class='ocr_line' id='line_1_20' title="bbox 188 2825 1349 2926; baseline -0.002 -24"><span class='ocrx_word' id='word_1_181' title='bbox 188 2834 240 2903; x_wconf 84' lang='grc' dir='ltr'>καὶ</span> <span class='ocrx_word' id='word_1_182' title='bbox 262 2836 303 2925; x_wconf 73' lang='grc' dir='ltr'>μὴ</span> <span class='ocrx_word' id='word_1_183' title='bbox 323 2834 441 2926; x_wconf 81' lang='grc' dir='ltr'>παρέχῃ</span> <span class='ocrx_word' id='word_1_184' title='bbox 462 2825 588 2923; x_wconf 82' lang='grc' dir='ltr'>θύρυύον</span> <span class='ocrx_word' id='word_1_185' title='bbox 604 2841 647 2919; x_wconf 83' lang='grc' dir='ltr'>τῷ</span> <span class='ocrx_word' id='word_1_186' title='bbox 665 2829 819 2917; x_wconf 87' lang='grc' dir='ltr'>βελτίστῳ</span> <span class='ocrx_word' id='word_1_187' title='bbox 838 2838 944 2925; x_wconf 88' lang='grc' dir='ltr'>χαῖρον</span> <span class='ocrx_word' id='word_1_188' title='bbox 964 2831 982 2907; x_wconf 74' lang='grc' dir='ltr'><strong>ἢ</strong></span> <span class='ocrx_word' id='word_1_189' title='bbox 1003 2835 1206 2925; x_wconf 91' lang='grc' dir='ltr'>λυπούμενον,</span> <span class='ocrx_word' id='word_1_190' title='bbox 1226 2832 1296 2900; x_wconf 86' lang='grc' dir='ltr'>ἀλλ’</span> <span class='ocrx_word' id='word_1_191' title='bbox 1314 2837 1349 2921; x_wconf 66' lang='lat' dir='ltr'>eui</span> 
     </span>
     <span class='ocr_line' id='line_1_21' title="bbox 190 2957 1348 3053; baseline -0.005 -21"><span class='ocrx_word' id='word_1_192' title='bbox 190 2962 267 3032; x_wconf 80' lang='grc' dir='ltr'>αὐτὸ</span> <span class='ocrx_word' id='word_1_193' title='bbox 283 2964 351 3031; x_wconf 88' lang='grc' dir='ltr'>καθ’</span> <span class='ocrx_word' id='word_1_194' title='bbox 366 2963 442 3028; x_wconf 84' lang='grc' dir='ltr'>αὑτὸ</span> <span class='ocrx_word' id='word_1_195' title='bbox 458 2959 548 3051; x_wconf 85' lang='grc' dir='ltr'>μόνον</span> <span class='ocrx_word' id='word_1_196' title='bbox 567 2957 698 3051; x_wconf 83' lang='grc' dir='ltr'>καθαρὸν</span> <span class='ocrx_word' id='word_1_197' title='bbox 712 2963 835 3025; x_wconf 88' lang='grc' dir='ltr'>σκοπεῖν</span> <span class='ocrx_word' id='word_1_198' title='bbox 848 2959 900 3026; x_wconf 88' lang='grc' dir='ltr'>καὶ</span> <span class='ocrx_word' id='word_1_199' title='bbox 915 2960 1071 3053; x_wconf 85' lang='grc' dir='ltr'>ὀρέγεσθαι</span> <span class='ocrx_word' id='word_1_200' title='bbox 1088 2970 1143 3028; x_wconf 75' lang='grc' dir='ltr'>τοῦ</span> <span class='ocrx_word' id='word_1_201' title='bbox 1155 2958 1348 3029; x_wconf 85' lang='grc' dir='ltr'>αἰσθάνεσθαι</span> 
     </span>
     <span class='ocr_line' id='line_1_22' title="bbox 186 3077 1348 3178; baseline -0.003 -26"><span class='ocrx_word' id='word_1_202' title='bbox 186 3082 204 3152; x_wconf 82' lang='grc' dir='ltr'>θ</span> <span class='ocrx_word' id='word_1_203' title='bbox 225 3089 266 3178; x_wconf 76' lang='grc' dir='ltr'>μὴ</span> <span class='ocrx_word' id='word_1_204' title='bbox 283 3077 376 3174; x_wconf 83' lang='grc' dir='ltr'>οἶδεν,</span> <span class='ocrx_word' id='word_1_205' title='bbox 391 3084 410 3157; x_wconf 82' lang='grc' dir='ltr'>ίί</span> <span class='ocrx_word' id='word_1_206' title='bbox 424 3109 454 3150; x_wconf 93' lang='grc' dir='ltr'>τι</span> <span class='ocrx_word' id='word_1_207' title='bbox 470 3089 531 3148; x_wconf 83' lang='grc' dir='ltr'>τῶν</span> <span class='ocrx_word' id='word_1_208' title='bbox 545 3079 748 3175; x_wconf 68' lang='grc' dir='ltr'>γεγονότωνῆ</span> <span class='ocrx_word' id='word_1_209' title='bbox 767 3081 861 3148; x_wconf 79' lang='grc' dir='ltr'>ὄντων</span> <span class='ocrx_word' id='word_1_210' title='bbox 879 3079 897 3156; x_wconf 79' lang='grc' dir='ltr'><strong>ἢ</strong></span> <span class='ocrx_word' id='word_1_211' title='bbox 924 3081 975 3149; x_wconf 91' lang='grc' dir='ltr'>καὶ</span> <span class='ocrx_word' id='word_1_212' title='bbox 994 3083 1181 3176; x_wconf 79' lang='grc' dir='ltr'>μελλόντων,</span> <span class='ocrx_word' id='word_1_213' title='bbox 1201 3086 1348 3162; x_wconf 77' lang='grc' dir='ltr'>ὡσαύτως</span> 
     </span>
     <span class='ocr_line' id='line_1_23' title="bbox 192 3199 1349 3305; baseline -0.004 -25"><span class='ocrx_word' id='word_1_214' title='bbox 192 3207 227 3281; x_wconf 84' lang='grc' dir='ltr'>δὲ</span> <span class='ocrx_word' id='word_1_215' title='bbox 243 3211 297 3279; x_wconf 85' lang='grc' dir='ltr'>καὶ</span> <span class='ocrx_word' id='word_1_216' title='bbox 316 3212 353 3278; x_wconf 87' lang='grc' dir='ltr'>τὸ</span> <span class='ocrx_word' id='word_1_217' title='bbox 369 3199 525 3302; x_wconf 80' lang='grc' dir='ltr'>θυμοειδὲς</span> <span class='ocrx_word' id='word_1_218' title='bbox 542 3205 676 3300; x_wconf 86' lang='grc' dir='ltr'>πραύνας</span> <span class='ocrx_word' id='word_1_219' title='bbox 693 3206 743 3274; x_wconf 89' lang='grc' dir='ltr'>καὶ</span> <span class='ocrx_word' id='word_1_220' title='bbox 772 3209 816 3300; x_wconf 68' lang='grc' dir='ltr'>μυί</span> <span class='ocrx_word' id='word_1_221' title='bbox 838 3234 916 3276; x_wconf 91' lang='grc' dir='ltr'>τισιν</span> <span class='ocrx_word' id='word_1_222' title='bbox 938 3207 976 3287; x_wconf 84' lang='grc' dir='ltr'>εἰς</span> <span class='ocrx_word' id='word_1_223' title='bbox 996 3207 1088 3305; x_wconf 85' lang='grc' dir='ltr'>ὀργάς</span> <span class='ocrx_word' id='word_1_224' title='bbox 1111 3210 1204 3277; x_wconf 82' lang='grc' dir='ltr'>ἐλθὼν</span> <span class='ocrx_word' id='word_1_225' title='bbox 1228 3234 1349 3283; x_wconf 82' lang='grc' dir='ltr'>κεκινη·</span> 
     </span>
     <span class='ocr_line' id='line_1_24' title="bbox 192 3321 1347 3433; baseline -0.005 -29"><span class='ocrx_word' id='word_1_226' title='bbox 192 3341 272 3433; x_wconf 83' lang='grc' dir='ltr'>μένῳ</span> <span class='ocrx_word' id='word_1_227' title='bbox 291 3347 335 3423; x_wconf 85' lang='grc' dir='ltr'>τῷ</span> <span class='ocrx_word' id='word_1_228' title='bbox 354 3334 439 3427; x_wconf 81' lang='grc' dir='ltr'>θυμῷ</span> <span class='ocrx_word' id='word_1_229' title='bbox 458 3321 606 3426; x_wconf 88' lang='grc' dir='ltr'>καθεύδῃ,</span> <span class='ocrx_word' id='word_1_230' title='bbox 625 3331 694 3399; x_wconf 87' lang='grc' dir='ltr'>ἀλλ’</span> <span class='ocrx_word' id='word_1_231' title='bbox 708 3330 868 3424; x_wconf 73' lang='grc' dir='ltr'>ἡσυχάσας</span> <span class='ocrx_word' id='word_1_232' title='bbox 885 3334 938 3426; x_wconf 86' lang='grc' dir='ltr'>μὲν</span> <span class='ocrx_word' id='word_1_233' title='bbox 955 3335 1000 3399; x_wconf 86' lang='grc' dir='ltr'>τὼ</span> <span class='ocrx_word' id='word_1_234' title='bbox 1017 3325 1073 3401; x_wconf 91' lang='grc' dir='ltr'>δύο</span> <span class='ocrx_word' id='word_1_235' title='bbox 1088 3324 1167 3416; x_wconf 87' lang='grc' dir='ltr'>είδη,</span> <span class='ocrx_word' id='word_1_236' title='bbox 1186 3333 1224 3400; x_wconf 84' lang='grc' dir='ltr'>τὸ</span> <span class='ocrx_word' id='word_1_237' title='bbox 1243 3331 1347 3423; x_wconf 89' lang='grc' dir='ltr'>τρίτον</span> 
     </span>
     <span class='ocr_line' id='line_1_25' title="bbox 192 3452 1347 3562; baseline -0.005 -33"><span class='ocrx_word' id='word_1_238' title='bbox 192 3452 227 3530; x_wconf 84' lang='grc' dir='ltr'>δὲ</span> <span class='ocrx_word' id='word_1_239' title='bbox 246 3462 383 3544; x_wconf 73' lang='grc' dir='ltr'>κινήσας,</span> <span class='ocrx_word' id='word_1_240' title='bbox 413 3460 441 3525; x_wconf 84' lang='grc' dir='ltr'>ἐν</span> <span class='ocrx_word' id='word_1_241' title='bbox 465 3455 489 3544; x_wconf 85' lang='grc' dir='ltr'>ᾧ</span> <span class='ocrx_word' id='word_1_242' title='bbox 508 3456 545 3524; x_wconf 86' lang='grc' dir='ltr'>τὸ</span> <span class='ocrx_word' id='word_1_243' title='bbox 572 3463 689 3548; x_wconf 79' lang='grc' dir='ltr'>φρονεῖν</span> <span class='ocrx_word' id='word_1_244' title='bbox 709 3455 896 3550; x_wconf 80' lang='grc' dir='ltr'>ἐγγίγνεται,</span> <span class='ocrx_word' id='word_1_245' title='bbox 927 3461 1010 3524; x_wconf 88' lang='grc' dir='ltr'>ούτω</span> <span class='ocrx_word' id='word_1_246' title='bbox 1032 3457 1243 3562; x_wconf 85' lang='grc' dir='ltr'>ἀναπαύηται,</span> <span class='ocrx_word' id='word_1_247' title='bbox 1273 3453 1347 3526; x_wconf 76' lang='grc' dir='ltr'>οἷσθ’</span> 
     </span>
     <span class='ocr_line' id='line_1_26' title="bbox 191 3580 1349 3675; baseline -0.002 -23"><span class='ocrx_word' id='word_1_248' title='bbox 191 3592 241 3657; x_wconf 83' lang='grc' dir='ltr'>ὅτι</span> <span class='ocrx_word' id='word_1_249' title='bbox 258 3597 314 3665; x_wconf 80' lang='grc' dir='ltr'>τῆς</span> <span class='ocrx_word' id='word_1_250' title='bbox 337 3584 367 3652; x_wconf 88' lang='grc' dir='ltr'>τ’</span> <span class='ocrx_word' id='word_1_251' title='bbox 391 3580 533 3660; x_wconf 88' lang='grc' dir='ltr'>ἀληθείας</span> <span class='ocrx_word' id='word_1_252' title='bbox 555 3583 585 3647; x_wconf 86' lang='grc' dir='ltr'>ἐν</span> <span class='ocrx_word' id='word_1_253' title='bbox 606 3592 650 3670; x_wconf 83' lang='grc' dir='ltr'>τῷ</span> <span class='ocrx_word' id='word_1_254' title='bbox 671 3585 805 3669; x_wconf 89' lang='grc' dir='ltr'>τοιούτῳ</span> <span class='ocrx_word' id='word_1_255' title='bbox 826 3584 965 3675; x_wconf 88' lang='grc' dir='ltr'>μάλιστα</span> <span class='ocrx_word' id='word_1_256' title='bbox 990 3583 1138 3668; x_wconf 81' lang='grc' dir='ltr'>ἅπτεται,</span> <span class='ocrx_word' id='word_1_257' title='bbox 1160 3584 1215 3652; x_wconf 88' lang='grc' dir='ltr'>καὶ</span> <span class='ocrx_word' id='word_1_258' title='bbox 1232 3588 1349 3660; x_wconf 78' lang='grc' dir='ltr'>ἥκιστα</span> 
     </span>
    </p>
   </div>
   <div class='ocr_carea' id='block_1_7' title="bbox 191 3698 1071 3808">
    <p class='ocr_par' dir='ltr' id='par_1_7' title="bbox 191 3698 1071 3808">
     <span class='ocr_line' id='line_1_27' title="bbox 191 3698 1071 3808; baseline -0.005 -27"><span class='ocrx_word' id='word_1_259' title='bbox 191 3711 363 3808; x_wconf 90' lang='grc' dir='ltr'>παράνομοι</span> <span class='ocrx_word' id='word_1_260' title='bbox 378 3709 451 3777; x_wconf 82' lang='grc' dir='ltr'>τότε</span> <span class='ocrx_word' id='word_1_261' title='bbox 467 3707 499 3774; x_wconf 87' lang='grc' dir='ltr'>αἱ</span> <span class='ocrx_word' id='word_1_262' title='bbox 513 3704 596 3797; x_wconf 82' lang='grc' dir='ltr'>ὅψεις</span> <span class='ocrx_word' id='word_1_263' title='bbox 608 3698 816 3799; x_wconf 75' lang='grc' dir='ltr'>φαντάζονται</span> <span class='ocrx_word' id='word_1_264' title='bbox 834 3715 895 3774; x_wconf 85' lang='grc' dir='ltr'>τῶν</span> <span class='ocrx_word' id='word_1_265' title='bbox 917 3706 1071 3777; x_wconf 82' lang='grc' dir='ltr'>ἐνυπνίων.</span> 
     </span>
    </p>
   </div>
   <div class='ocr_carea' id='block_1_8' title="bbox 479 3899 1045 3971">
    <p class='ocr_par' dir='ltr' id='par_1_8' title="bbox 479 3899 1045 3971">
     <span class='ocr_line' id='line_1_28' title="bbox 479 3899 1045 3971; baseline 0.009 -20"><span class='ocrx_word' id='word_1_266' title='bbox 479 3900 512 3952; x_wconf 82' lang='grc' dir='ltr'>Μ.</span> <span class='ocrx_word' id='word_1_267' title='bbox 527 3899 556 3951; x_wconf 89' lang='grc' dir='ltr'>Τ.</span> <span class='ocrx_word' id='word_1_268' title='bbox 577 3900 710 3962; x_wconf 82' lang='lat' dir='ltr'>Ciceronis,</span> <span class='ocrx_word' id='word_1_269' title='bbox 726 3899 757 3949; x_wconf 85' lang='lat' dir='ltr'>de</span> <span class='ocrx_word' id='word_1_270' title='bbox 771 3901 887 3960; x_wconf 72' lang='lat' dir='ltr'>Diuinae„</span> <span class='ocrx_word' id='word_1_271' title='bbox 899 3903 920 3964; x_wconf 86' lang='grc'>1,</span> <span class='ocrx_word' id='word_1_272' title='bbox 934 3919 988 3971; x_wconf 85' lang='lat' dir='ltr'>cop.</span> <span class='ocrx_word' id='word_1_273' title='bbox 1004 3908 1045 3955; x_wconf 79' lang='lat'>29.</span> 
     </span>
    </p>
   </div>
   <div class='ocr_carea' id='block_1_9' title="bbox 186 4020 1349 4368">
    <p class='ocr_par' dir='ltr' id='par_1_9' title="bbox 186 4020 1349 4368">
     <span class='ocr_line' id='line_1_29' title="bbox 214 4020 1347 4107; baseline -0.004 -15"><span class='ocrx_word' id='word_1_274' title='bbox 214 4020 294 4092; x_wconf 70' lang='lat' dir='ltr'>&#39;iude</span> <span class='ocrx_word' id='word_1_275' title='bbox 305 4031 371 4107; x_wconf 90' lang='lat' dir='ltr'>quid</span> <span class='ocrx_word' id='word_1_276' title='bbox 383 4033 510 4090; x_wconf 83' lang='lat' dir='ltr'>Socrates</span> <span class='ocrx_word' id='word_1_277' title='bbox 522 4029 552 4085; x_wconf 91' lang='lat' dir='ltr'>in</span> <span class='ocrx_word' id='word_1_278' title='bbox 566 4028 692 4085; x_wconf 78' lang='lat' dir='ltr'>Platonis</span> <span class='ocrx_word' id='word_1_279' title='bbox 713 4029 813 4086; x_wconf 85' lang='lat' dir='ltr'>Politia</span> <span class='ocrx_word' id='word_1_280' title='bbox 833 4030 963 4104; x_wconf 74' lang='lat' dir='ltr'>loquutur</span> <span class='ocrx_word' id='word_1_281' title='bbox 981 4053 987 4089; x_wconf 95' lang='lat'><strong>:</strong></span> <span class='ocrx_word' id='word_1_282' title='bbox 1006 4032 1126 4101; x_wconf 72' lang='lat' dir='ltr'>«Quum</span> <span class='ocrx_word' id='word_1_283' title='bbox 1143 4029 1347 4090; x_wconf 78' lang='lat' dir='ltr'>dormientibus</span> 
     </span>
     <span class='ocr_line' id='line_1_30' title="bbox 188 4118 1347 4198; baseline -0.005 -17"><span class='ocrx_word' id='word_1_284' title='bbox 188 4137 220 4182; x_wconf 81' lang='lat' dir='ltr'>eu</span> <span class='ocrx_word' id='word_1_285' title='bbox 236 4140 300 4198; x_wconf 84' lang='lat' dir='ltr'>pars</span> <span class='ocrx_word' id='word_1_286' title='bbox 320 4121 494 4192; x_wconf 70' lang='lat' dir='ltr'>animique}</span> <span class='ocrx_word' id='word_1_287' title='bbox 511 4119 614 4174; x_wconf 84' lang='lat' dir='ltr'>montis</span> <span class='ocrx_word' id='word_1_288' title='bbox 632 4126 660 4175; x_wconf 90' lang='lat' dir='ltr'>et</span> <span class='ocrx_word' id='word_1_289' title='bbox 677 4118 793 4175; x_wconf 84' lang='lat' dir='ltr'>rationis</span> <span class='ocrx_word' id='word_1_290' title='bbox 811 4119 847 4175; x_wconf 84' lang='lat' dir='ltr'>sit</span> <span class='ocrx_word' id='word_1_291' title='bbox 867 4120 1021 4192; x_wconf 78' lang='grc' dir='ltr'>ῳοειίεεμε,</span> <span class='ocrx_word' id='word_1_292' title='bbox 1041 4119 1129 4192; x_wconf 85' lang='lat' dir='ltr'>sopita</span> <span class='ocrx_word' id='word_1_293' title='bbox 1141 4121 1286 4194; x_wconf 79' lang='lat' dir='ltr'>langueat3</span> <span class='ocrx_word' id='word_1_294' title='bbox 1302 4119 1347 4177; x_wconf 85' lang='lat' dir='ltr'>iiia</span> 
     </span>
     <span class='ocr_line' id='line_1_31' title="bbox 187 4203 1349 4281; baseline -0.006 -11"><span class='ocrx_word' id='word_1_295' title='bbox 187 4223 292 4280; x_wconf 81' lang='lat' dir='ltr'>autem,</span> <span class='ocrx_word' id='word_1_296' title='bbox 303 4209 331 4266; x_wconf 89' lang='lat' dir='ltr'>iu</span> <span class='ocrx_word' id='word_1_297' title='bbox 348 4224 401 4281; x_wconf 85' lang='lat' dir='ltr'>qua</span> <span class='ocrx_word' id='word_1_298' title='bbox 419 4204 514 4261; x_wconf 81' lang='lat' dir='ltr'>feritas</span> <span class='ocrx_word' id='word_1_299' title='bbox 526 4203 657 4278; x_wconf 76' lang='lat' dir='ltr'>quaedam</span> <span class='ocrx_word' id='word_1_300' title='bbox 668 4205 705 4261; x_wconf 86' lang='lat' dir='ltr'>sit</span> <span class='ocrx_word' id='word_1_301' title='bbox 720 4213 802 4278; x_wconf 82' lang='lat' dir='ltr'>atque</span> <span class='ocrx_word' id='word_1_302' title='bbox 817 4207 933 4279; x_wconf 82' lang='lat' dir='ltr'>agrestis</span> <span class='ocrx_word' id='word_1_303' title='bbox 947 4206 1122 4278; x_wconf 78' lang='lat' dir='ltr'>immanitas,</span> <span class='ocrx_word' id='word_1_304' title='bbox 1140 4223 1227 4281; x_wconf 88' lang='lat' dir='ltr'>quum</span> <span class='ocrx_word' id='word_1_305' title='bbox 1248 4208 1284 4264; x_wconf 81' lang='lat' dir='ltr'>sit</span> <span class='ocrx_word' id='word_1_306' title='bbox 1297 4208 1349 4263; x_wconf 91' lang='lat' dir='ltr'>im·</span> 
     </span>
     <span class='ocr_line' id='line_1_32' title="bbox 186 4293 1347 4368; baseline -0.008 -6"><span class='ocrx_word' id='word_1_307' title='bbox 186 4301 333 4362; x_wconf 79' lang='lat' dir='ltr'>moderato</span> <span class='ocrx_word' id='word_1_308' title='bbox 344 4293 496 4354; x_wconf 76' lang='lat' dir='ltr'>tumefacta</span> <span class='ocrx_word' id='word_1_309' title='bbox 510 4301 577 4366; x_wconf 82' lang='lat' dir='ltr'>potu</span> <span class='ocrx_word' id='word_1_310' title='bbox 591 4303 675 4367; x_wconf 87' lang='lat' dir='ltr'>atque</span> <span class='ocrx_word' id='word_1_311' title='bbox 694 4301 794 4368; x_wconf 83' lang='lat' dir='ltr'>pastu,</span> <span class='ocrx_word' id='word_1_312' title='bbox 808 4295 946 4353; x_wconf 79' lang='lat' dir='ltr'>exsultare</span> <span class='ocrx_word' id='word_1_313' title='bbox 964 4311 1026 4354; x_wconf 80' lang='lat' dir='ltr'>eum</span> <span class='ocrx_word' id='word_1_314' title='bbox 1042 4296 1071 4354; x_wconf 92' lang='lat' dir='ltr'>iu</span> <span class='ocrx_word' id='word_1_315' title='bbox 1084 4311 1185 4355; x_wconf 84' lang='lat' dir='ltr'>somno</span> <span class='ocrx_word' id='word_1_316' title='bbox 1207 4294 1347 4354; x_wconf 86' lang='lat' dir='ltr'>immode-</span> 
     </span>
    </p>
   </div>
   <div class='ocr_carea' id='block_1_10' title="bbox 0 0 1402 4770">
    <p class='ocr_par' dir='ltr' id='par_1_10' title="bbox 0 0 1402 4770">
     <span class='ocr_line' id='line_1_33' title="bbox 0 0 1402 4770; baseline 0 0"><span class='ocrx_word' id='word_1_317' title='bbox 0 0 1402 4770; x_wconf 95' lang='lat' dir='ltr'> </span> 
     </span>
    </p>
   </div>
  </div>
 </body>
</html>
