2790 4770
656 306 859 372 *230-

180 449 348 530 ferumque
371 448 523 524 tinxisset,
546 463 622 510 cum
650 440 749 510 ariete
779 448 877 511 etiam
898 448 1140 529 colloquentem
1158 447 1249 524 facit,
1266 449 1346 528 ejus·

179 562 243 639 que
265 558 394 621 laudare
417 560 571 633 fortunas,
587 558 686 639 quod,
712 575 776 638 qua
798 559 902 636 vellet,
926 559 1052 641 ingredi
1066 565 1190 640 posset,
1212 565 1257 636 et,
1274 579 1345 642 quea

176 665 281 740 vellet,
292 665 482 746 attingere.»
500 699 541 712 —
556 665 708 745 Sequitur
722 666 816 745 longa
832 665 1018 746 disputatio,
1032 684 1070 729 ex
1083 685 1148 748 qua
1159 668 1303 731 efficitur
1312 672 1346 749 nt

175 768 209 832 in
235 769 290 833 illo
309 769 436 833 citando
461 768 591 833 Homeri
616 771 690 833 1000
716 774 915 850 «μνημονικοῦ
929 769 1126 853 ἁμαρτήματος
1145 794 1162 832 ο
1179 772 1346 835 convictus

174 878 456 943 teneaturcicero.
1207 880 1209 885 '

214 985 437 1066 Superioribus
454 984 535 1048 locis
551 985 622 1047 baec
644 983 826 1064 adjicienda
841 1000 909 1047 esse
923 990 1001 1065 puto
1017 1003 1026 1046 t

215 1092 292 1168 Cic,
315 1093 353 1153 de
376 1094 492 1167 Dicin„
510 1093 535 1168 l,
555 1109 625 1169 cap.
642 1092 681 1152 33
700 1109 708 1150 :
724 1123 765 1137 -
840 1090 882 1152 Ut
902 1091 985 1168 apud
1004 1092 1184 1154 Homerum
1198 1093 1344 1171 Calchas,

69 1230 71 1235 -
130 1286 132 1291 Ι
175 1196 232 1280 qui
248 1216 285 1261 ex
297 1215 463 1279 passerum
478 1216 612 1261 numero
627 1195 705 1259 belii
724 1194 853 1277 ’l'rojaui
877 1214 978 1259 annos
991 1204 1167 1278 auguratus
1183 1204 1235 1262 cst
1250 1198 1306 1282 (l).

217 1303 296 1381 Cio,
315 1305 351 1365 de
366 1304 485 1380 Dicin„
503 1305 540 1379 ΙΙ,
561 1321 632 1383 cap.
647 1305 686 1364 39
704 1321 711 1363 :
730 1334 766 1347 -
787 1303 829 1363 At
839 1301 1029 1366 Homericus
1044 1304 1122 1382 Ajax
1134 1307 1224 1384 apud
1240 1305 1348 1368 Achil·

175 1411 240 1473 lem
267 1428 404 1490 querens
424 1412 464 1473 de
491 1408 657 1473 ferocitate
679 1408 903 1488 Trojanorum,
920 1394 1030 1475 nescio
1053 1410 1143 1492 quid,
1160 1412 1228 1476 hoc
1250 1412 1346 1476 modo

177 1515 306 1580 nuntiat
321 1537 328 1580 :
1284 1532 1287 1536 ’

302 1633 437 1703 Prospera
444 1634 462 1687 J
464 1631 556 1705 opiter
568 1629 613 1688 bis
625 1629 730 1688 dextris
744 1628 899 1703 fulgoribus
912 1628 971 1687 edit
983 1630 1027 1704 (2).

217 1753 295 1830 Cic,
315 1755 351 1816 de
367 1741 494 1835 Βιραδ..
509 1757 547 1829 V,
560 1772 631 1834 cap.
649 1757 689 1817 8:
706 1786 747 1800 -
760 1755 951 1817 UtMenelao
965 1755 1080 1818 Laconi
1104 1734 1259 1837 quodam
1286 1758 1347 1822 luit

177 1863 399 1944 suaviloquens
411 1859 627 1942 jucunditas...
646 1863 766 1924 Seneca
781 1863 917 1948 ambul.
933 1863 1021 1937 dell,
1040 1863 1107 1938 xil,
1124 1864 1214 1942 9(3).

219 1969 296 2046 Cio,
312 1971 442 2044 Brutus,
456 1985 526 2047 cap.
543 1973 562 2029 l
580 1988 636 2030 :—
702 1970 891 2047 Quanquam
903 1966 981 2029 illud
995 1966 1186 2031 Hesiodium
1196 1969 1346 2033 laudatur

177 2077 323 2152 edoctis,
347 2078 434 2157 quod
450 2077 553 2138 eadem
573 2078 720 2138 mensura
739 2058 875 2139 reddere
887 2072 991 2156 jubet,
1012 2077 1269 2156 quaacceperis.
1291 2085 1346 2143 aul

179 2186 275 2250 etiam
287 2183 500 2248 cumulatiore
515 2183 541 2245 si
554 2183 668 2264 possis.

150 2284 153 2288 ’
219 2292 352 2352 [demde
371 2289 450 2372 Off„
475 2292 499 2366 l,
521 2309 592 2369 cap.
616 2295 653 2354 l5
670 2311 677 2354 ε
692 2325 733 2339 -
815 2291 904 2364 Quod
919 2289 946 2351 si
962 2264 1009 2366 ea,
1030 2309 1103 2370 quae
1118 2293 1244 2353 utenda
1258 2309 1346 2355 accc·

181 2398 275 2480 peris,
306 2399 423 2475 rnojore
458 2399 664 2474 meetseren
692 2399 790 2459 modo
820 2396 934 2477 possis
959 2397 1053 2477 jubet
1081 2398 1219 2462 reddere
1239 2398 1346 2461 Hesio

181 2509 279 2568 dus...
297 2504 355 2586 (l).
982 2506 985 2514 '

223 2612 300 2695 Cic,
323 2613 458 2688 Tenent„
474 2613 497 2686 l,
515 2629 585 2690 cap.
600 2612 619 2672 8
635 2628 641 2669 :
657 2643 697 2655 -
710 2588 770 2670 Sed
786 2626 858 2689 quae
871 2611 1001 2671 tandem
1016 2614 1064 2671 est
1077 2608 1267 2688 Epicharmi
1288 2609 1346 2672 ista

182 2716 363 2780 sententia?

307 2857 401 2916 Emori
412 2859 477 2914 nolo
492 2876 498 2910 :
511 2855 559 2914 sed
569 2872 614 2914 me
626 2873 686 2914 esse
696 2864 840 2913 mortuum
852 2855 919 2911 nihil
934 2856 1043 2913 aestimo
1052 2856 1100 2928 (5).

218 3058 254 3122 (i)
272 3056 309 3107 cf.
325 3055 398 3106 ulad.
410 3055 441 3116 11,
456 3060 505 3107 299
517 3065 542 3105 ct
556 3072 610 3121 sqq.
622 3072 712 3116 versus,
726 3072 786 3122 quos
797 3056 847 3121 jam
857 3060 930 3123 supra
944 3057 1046 3123 protuli.
1125 3037 1136 3088 ’-

219 3141 255 3207 (a)
273 3141 309 3192 cr.
323 3140 397 3192 iliad.
409 3141 450 3203 lx,
463 3145 529 3191 aaa:

352 3242 412 3298 Ζεὺς
422 3243 448 3292 δέ
461 3259 516 3307 σφιν
527 3243 649 3308 Κρονίδης
662 3244 752 3300 ἐνδέξια
767 3244 868 3307 σήματα
880 3243 970 3307 φαίνων
1034 3211 1037 3218 ¹

352 3326 530 3392 ἀστράπτει....

220 3438 309 3488 lterum
323 3438 414 3488 labitur
425 3439 544 3489 memoria
558 3439 660 3490 Cicero:
671 3439 763 3505 Ulysses
777 3439 842 3489 enim
855 3439 974 3504 loquitur.

220 3521 257 3587 (3)
328 3522 365 3572 Cf.
388 3514 424 3572 5H
438 3541 476 3573 τοι
493 3523 535 3588 μὲν
550 3523 671 3580 Μενέλαος
684 3522 846 3592 ἐπιτροχάδην
859 3525 974 3591 ἀγόρευε,
1156 3587 1159 3593 ,

384 3605 468 3673 παῦρα
486 3607 538 3672 μὲν,
553 3608 613 3657 ἀλλὰ
626 3608 691 3672 μάλα
704 3607 804 3672 λιγέως·
820 3608 873 3658 luel
887 3609 916 3658 οὐ
926 3607 1076 3673 πολύμυθος,

386 3690 438 3741 οὐδ’
449 3693 650 3758 ἀφαμαρτοεπής.
819 3691 900 3757 (Ηοιιι.
914 3690 991 3742 Iliad.
1008 3691 1051 3754 111,
1064 3695 1134 3757 213.)

219 3801 254 3866 (l)
271 3801 308 3853 Cf.
322 3800 433 3862 Hesiodi,
442 3778 456 3847 o
469 3804 551 3869 ’Ἔργα
565 3803 607 3852 καὶ
617 3803 717 3874 ἡμέραι,
730 3822 742 3849 n
757 3819 782 3852 ν.
796 3805 862 3854 349:

459 3936 636 3955 ......
640 3957 641 3960 ,
664 3939 671 3955 .
698 3941 705 3955 .
732 3939 739 3953 .
760 3898 787 3956 eb
801 3903 822 3955 δ’
836 3903 972 3956 ἀποδοῦναι
1008 3962 1010 3966 ³

452 3988 534 4052 αὐτῷ
548 3986 589 4052 τῷ
605 3989 718 4056 μέτρῳ,
730 3989 773 4039 καὶ
785 3990 869 4053 λώϊον,
883 3988 950 4039 αἴκε
963 3990 1060 4050 δύνηαι.

222 4098 258 4164 (b)
275 4095 415 4162 Epicharmi
424 4097 603 4162 grecumhunc
614 4115 710 4149 versum
722 4108 779 4150 sunt
790 4100 833 4166 qui
842 4100 984 4150 Ciceronem
996 4094 1254 4167 exnteeaisseputent:
1313 4081 1317 4087 ⁵

421 4217 424 4223 ·
461 4178 596 4275 Ἀποθανεῖν
607 4196 623 4259 ἢ
636 4200 747 4251 τεθνάναι
757 4200 786 4250 οὔ
795 4218 837 4265 μοι
848 4202 967 4268 διαφέρει.
981 4215 983 4219 ·

184 4321 197 4346 a
206 4299 283 4361 Quem
293 4312 387 4349 versum
411 4297 498 4348 mendo
514 4313 596 4348 carere
604 4298 692 4366 adduci
706 4315 757 4350 non
774 4316 871 4369 possum
885 4310 914 4352 nt
931 4300 1039 4372 credam.
1052 4300 1170 4353 Consului
1184 4310 1267 4353 tamen
1279 4301 1342 4353 Sexti
