2790 4770
633 304 833 368 -254-

155 443 254 513 Quam
274 441 411 519 appellat
435 439 575 525 Πρόληψιν
602 442 768 519 Epicurus,
798 443 829 503 id
859 449 916 519 cst,
941 444 1254 522 anteceptom'aatmo
1278 465 1321 508 rer

155 547 319 629 quomdam
344 546 593 623 informationem,
621 547 690 607 sine
718 567 780 626 qua
807 565 866 610 neo
892 547 1027 628 intelligi
1053 550 1243 630 quidquam,
1261 569 1322 614 neo

158 653 268 735 quaeri,
282 670 341 715 nec
358 653 513 744 disputari
530 657 686 731 potest...
696 687 737 697 —
750 655 848 715 Paulo
860 660 929 733 port
945 673 955 716 .·
979 655 1067 729 Quod
1080 658 1236 736 quoniam
1253 659 1321 722 fere

98 787 102 794 ·
157 764 280 822 constat
293 760 376 823 inter
390 777 499 821 omnes
513 777 578 821 non
600 760 808 838 philosophos
822 760 938 836 solum,
958 761 1126 824 sedetiam
1143 765 1295 827 indoctos
1312 783 1319 824 :

156 868 312 930 fateamur
327 872 470 930 constare
486 865 563 928 illud
576 865 682 943 etiam,
692 867 774 928 hanc
788 886 845 930 nos
860 867 977 930 hahere
992 867 1319 951 siveomttotpottomem,

156 981 191 1037 ut
210 981 283 1037 ante
298 975 374 1050 dixi,
396 975 459 1036 sive
478 977 688 1054 premotiomem
713 977 863 1036 Deorum.
891 976 974 1038 Sunt
998 975 1084 1038 enim
1112 979 1210 1040 rebus
1229 979 1321 1040 novis

140 1099 236 1146 nova
247 1081 394 1162 ponenda
406 1080 548 1154 nomina,
564 1083 599 1140 ut
613 1079 767 1157 Epicurus
785 1079 852 1159 ipse
867 1080 1009 1163 Epotnqo
1021 1084 1205 1164 appellavit,
1223 1102 1323 1164 quam

157 1196 251 1253 antea
262 1207 357 1251 nemo
370 1206 408 1250 eo
422 1188 518 1251 verbo
531 1187 722 1250 nominarat.

195 1300 268 1376 Cap.
284 1300 323 1359 l8
338 1313 346 1356 :
360 1329 400 1343 -
419 1294 574 1375 Epicurus
601 1300 720 1369 autem,
750 1295 803 1374 qui
831 1313 880 1358 res
896 1298 1037 1358 occultas
1062 1301 1094 1359 ct
1119 1297 1252 1376 penitus
1268 1299 1322 1362 ab·

156 1406 238 1468 ditas
265 1422 329 1465 non
354 1403 452 1464 modo
470 1402 592 1464 viderat
615 1402 734 1478 animo,
760 1403 926 1465 sedetiam
950 1403 996 1466 sie
1015 1408 1140 1478 tractat,
1157 1410 1194 1467 ut
1208 1423 1319 1484 manu,

159 1515 253 1576 docet
275 1528 345 1573 eam
372 1529 438 1573 esso
462 1511 525 1572 vim
544 1517 576 1574 et
597 1515 744 1574 naturam
755 1512 906 1586 Deorum,
921 1517 956 1574 ut
973 1512 1113 1591 primum
1128 1532 1194 1576 non
1211 1532 1319 1591 sensu,

161 1625 214 1686 sed
230 1627 336 1684 mente
350 1625 514 1693 cernatur;
531 1636 591 1681 neo
613 1619 774 1681 soliditate
790 1619 937 1698 quadam,
951 1637 1011 1682 nec
1028 1622 1067 1681 ad
1088 1639 1274 1698 numerum,
1287 1627 1323 1684 ut

160 1750 207 1808 ea,
223 1748 294 1810 quae
306 1729 359 1790 ille
378 1733 508 1807 propter
523 1726 708 1789 firmitatem
723 1725 871 1808 Στερέμνια
884 1729 1034 1807 appellat,
1051 1729 1106 1790 sed
1123 1729 1322 1810 imaginibus

161 1835 366 1900 similitudine
383 1840 415 1896 et
425 1834 609 1896 transitione
625 1834 836 1913 perceptis...
872 1916 876 1920 .

201 1946 275 2023 Gap.
294 1946 354 2004 l9:
381 1973 418 1984 -
444 1943 576 2002 Summa
589 1956 661 2000 vero
689 1941 734 2001 vis
756 1941 920 2003 infinitatis
943 1947 975 2003 ct
996 1959 1109 2021 magna
1123 1961 1160 2005 ac
1175 1943 1322 2024 diligenti

161 2046 429 2130 contemplatione
453 2047 637 2126 dignissima
656 2053 726 2108 cst:
753 2045 863 2125 inqua
886 2047 1021 2128 intelligi
1039 2066 1170 2111 necesse
1191 2056 1324 2114 csteam

163 2177 230 2222 esse
245 2163 400 2231 naturam,
418 2163 453 2217 ut
467 2155 572 2216 omnia
586 2154 735 2217 omnihus
748 2146 877 2233 paribus
891 2156 978 2234 paria
990 2159 1215 2236 respondeant.
1235 2161 1325 2222 llanc

160 2265 311 2345 Ἰσονομίαν
325 2265 463 2342 appellat
482 2261 648 2341 Epicurus,
665 2261 756 2324 idest
768 2263 943 2342 aequabilem
960 2265 1161 2329 trtdmttomem.

202 2376 277 2452 Gap.
293 2376 333 2436 EO
356 2392 418 2433 :-
441 2372 521 2432 Hinc
540 2370 629 2432 vobis
658 2369 777 2433 exstitit
801 2371 942 2449 primum
962 2370 1015 2432 illa
1026 2371 1130 2444 fatalis
1148 2377 1323 2449 accersitos,

164 2499 259 2563 quam
277 2477 450 2560 Εἰμαρμένην
474 2476 578 2539 dicitis
596 2497 602 2545 ;
618 2483 664 2552 ut,
684 2476 840 2563 quidquid
854 2477 983 2555 accidit,
999 2479 1031 2539 id
1049 2496 1088 2541 ex
1102 2484 1224 2541 aeterna
1240 2480 1326 2542 veri-

162 2591 237 2660 tate,
265 2600 494 2662 causarumque
518 2581 756 2655 continuatione
786 2583 910 2644 fluxisse
938 2581 1062 2645 dicatis.
1086 2584 1201 2654 Quanti
1214 2589 1326 2647 autem

162 2693 232 2754 haec
252 2688 456 2769 philosophia
468 2687 653 2749 aestimanda
664 2693 721 2763 cst,
740 2688 803 2762 cui,
823 2694 977 2768 tanquam
993 2688 1136 2762 aniculis,
1156 2694 1189 2751 ct
1203 2688 1244 2751 iis
1258 2691 1327 2769 qui·

165 2798 239 2860 dem
257 2796 407 2870 indoctis,
428 2797 493 2855 lato
508 2793 575 2854 fieri
590 2794 755 2855 videantur
770 2795 899 2856 omnia?

203 2903 320 2964 Ibidem
346 2919 353 2963 :
380 2935 421 2948 —
446 2899 596 2979 Sequitur
624 2898 748 2971 Μαντικὴ
774 2904 887 2974 vestra,
903 2917 975 2978 quae
991 2900 1087 2961 latine
1110 2901 1264 2962 Divinatio
1278 2900 1326 2963 di·

165 3010 285 3072 citur...

205 3116 277 3191 Cap.
295 3117 332 3174 23
355 3132 361 3172 :
388 3147 424 3154 -
448 3109 527 3185 Quid
549 3113 561 3168 t
583 3110 744 3188 Diagoras,
771 3104 860 3176 Ἄθεος
878 3108 932 3188 qui
954 3110 1058 3171 dictus
1074 3116 1133 3186 cst,
1148 3118 1326 3190 posteaque

165 3222 361 3293 Theodorus,
375 3235 480 3279 nonne
496 3222 603 3295 aperte
617 3219 756 3278 Deorum
772 3223 915 3279 naturam
932 3219 1148 3281 sustulerunt?

206 3331 279 3409 Gap.
297 3330 357 3389 30:
374 3327 491 3388 -Non
510 3326 607 3403 pudet
621 3325 718 3405 igitur
729 3325 861 3401 Φυσικόν,
877 3325 907 3386 id
926 3332 983 3401 est,
999 3329 1215 3405 speculatorem
1235 3346 1327 3389 aeno·

166 3447 315 3516 torempme
329 3443 456 3511 mature,
474 3436 512 3496 ab
530 3432 643 3495 animis
658 3433 887 3495 consuetudine
907 3433 1038 3496 imbutis
1059 3442 1167 3512 petere
1181 3435 1327 3498 testimo·

167 3545 256 3605 nium
270 3540 417 3603 veritatis

207 3651 281 3727 Cap.
298 3650 333 3710 3l
349 3666 405 3707 ε-
415 3650 524 3726 ltaque
536 3647 569 3706 in
581 3646 642 3706 illis
657 3647 771 3707 relectis
787 3645 851 3724 ejos
865 3645 1057 3727 brevibusque
1069 3649 1228 3723 sententies,
1247 3667 1326 3728 quas

168 3757 335 3840 appellatis
350 3756 451 3835 Κυρίας
458 3755 552 3830 Δόξας,
567 3757 648 3831 hece,
667 3760 702 3816 ut
715 3753 839 3833 opinor,
851 3755 953 3833 prima
964 3756 1121 3817 sententia
1134 3763 1180 3817 est
1195 3774 1201 3817 :
1220 3777 1234 3813 u
1244 3758 1327 3834 quod

167 3870 283 3929 beotmm
298 3872 326 3927 et
349 3863 516 3925 immortale
538 3871 590 3936 est,
625 3862 657 3921 m
676 3880 729 3922 moe
745 3862 839 3938 loom,
870 3880 923 3922 mec
937 3862 1051 3923 eamme
1070 3865 1213 3942 cuiquem
1237 3882 1326 3942 neqo-

165 3975 278 4036 tium.»

207 4083 280 4158 Cap.
298 4082 336 4140 39
362 4096 368 4137 :
393 4108 427 4121 -
446 4074 593 4152 Coniugis
612 4075 649 4135 ad
673 4075 935 4153 aqottromotem:
952 4074 999 4134 sic
1019 4073 1105 4135 enim
1119 4075 1283 4152 Ἰσονομίαν,
1299 4077 1324 4138 si

168 4189 283 4267 placet,
304 4182 520 4262 appellemus3
546 4185 576 4241 et
590 4180 646 4255 ais,
673 4181 823 4259 quoniam
843 4178 882 4241 sit
894 4184 1007 4241 natura
1019 4180 1175 4256 mortalis,
1189 4181 1324 4244 immor-

168 4296 264 4356 talem
279 4290 374 4354 etiam
389 4304 455 4351 csse
469 4291 629 4365 oportere.
