2790 4770
573 314 747 388 ..(7.-

85 463 160 522 Esto
188 480 196 521 :
225 459 258 522 id
284 476 348 521 non
373 460 558 537 argumento
574 460 622 518 est
646 454 737 516 illum
752 470 858 516 versus
876 453 909 513 in
922 450 1169 514 controversiam
1183 450 1239 511 ad-

86 572 199 633 ductos
225 565 449 647 composuisse.
476 563 597 624 Tullius
610 559 732 632 scilicet
753 558 852 621 multa
873 559 913 620 de
931 557 1059 637 tragicis
1079 556 1184 632 vertit,
1210 561 1241 619 et

85 677 140 738 illa
151 675 247 738 etiam
261 674 333 736 loca
345 672 378 733 in
393 669 509 751 quibus
523 667 689 749 AEschylus
704 671 735 729 et
742 666 915 746 Sophocles
925 666 1134 728 lamentantes
1149 663 1243 725 indu·

85 787 164 845 cunt
189 779 378 844 fortissimos
405 777 503 852 viros3
528 781 581 839 aut
607 780 691 838 certe
715 775 842 837 laudem
868 771 1137 852 interpretationis
1158 770 1242 832 illius

85 889 146 952 sibi
159 887 342 951 vindicavit.
359 889 502 966 Namque
516 884 620 948 Attico
635 884 790 966 querenti
805 903 812 946 :
836 884 954 947 «Unde
968 880 1020 946 isti
1033 885 1159 946 versus?
1171 886 1240 946 Non

86 997 173 1061 enim
196 1012 332 1076 agnosco
361 994 415 1076 (l),
438 992 558 1056 »idern
584 993 704 1068 dicero,
734 1009 831 1073 quum
856 994 981 1054 Graecos
1002 991 1035 1054 in
1051 992 1240 1055 memoriam

85 1103 184 1167 amici
198 1102 403 1166 revocavisset
417 1101 635 1183 philosophos,
652 1099 732 1162 atali
742 1099 971 1163 consuetudine
984 1099 1117 1164 minime
1128 1101 1242 1164 abhor-

86 1217 204 1288 rentes,
223 1209 431 1289 inprimisque
458 1208 715 1288 Philouem,.qui
739 1229 755 1268 o
768 1215 799 1270 et
821 1209 986 1287 proprium
1002 1225 1183 1285 numerum,
1210 1215 1242 1273 et

86 1321 171 1382 lecta
192 1321 351 1398 poemata,
377 1322 409 1378 et
428 1316 502 1379 loco
521 1315 722 1396 adjungebat,
740 1337 755 1374 n
786 1316 956 1397 respondet
981 1315 1049 1380 istis
1074 1316 1205 1380 vocibus
1233 1336 1241 1379 :

91 1428 293 1507 «Postquam
308 1424 449 1487 adamavi
462 1425 543 1487 hauc
559 1425 647 1505 quasi
662 1424 795 1486 senilem
811 1424 1087 1499 declamationem,
1104 1424 1244 1489 studiose

88 1535 220 1616 quidem
245 1538 320 1596 utor
346 1533 463 1596 nostris
490 1532 624 1612 poetis:
652 1533 707 1594 sed
735 1531 830 1592 sicubi
854 1533 907 1594 1111
934 1532 1136 1613 defecerunt,
1167 1539 1246 1596 certa·
1305 1527 1309 1538 '

87 1641 188 1702 multo
200 1638 238 1699 dc
264 1639 387 1714 Graecis,
414 1655 453 1699 ne
465 1655 532 1717 quo
553 1643 740 1700 ornamento
757 1635 791 1698 in
810 1639 871 1701 hoc
890 1657 1005 1719 genere
1020 1639 1244 1719 disputationis

88 1750 212 1810 careret
225 1745 335 1808 Latina
359 1744 459 1807 oratio
476 1743 529 1826 (1).
545 1766 560 1804 n
579 1745 704 1821 -Sed,
721 1744 856 1826 inquies,
879 1764 896 1808 e
912 1747 1037 1809 duobus
1053 1747 1133 1809 locis
1145 1764 1244 1810 unum

88 1853 176 1918 Attio
188 1852 312 1917 restitui
322 1871 450 1916 necesse
462 1858 519 1929 est,
533 1852 608 1933 quia
620 1856 666 1932 (ut
678 1858 751 1916 ante
766 1843 841 1931 dixi)
858 1854 962 1916 eidem
974 1855 1044 1917 haec
1063 1855 1180 1918 Nonius
1194 1874 1244 1918 re·

86 1966 162 2028 tulit
179 1963 338 2044 «pinnata
355 1962 456 2025 cauda
477 1966 623 2024 nostrum
637 1962 744 2024 adulat
765 1963 961 2042 sanguinem,
978 1983 994 2022 a
1020 1964 1152 2043 perinde
1163 1981 1200 2027 ac
1216 1963 1243 2027 si

86 2093 155 2138 non
177 2069 331 2153 potuisset
355 2071 487 2148 Tullius,
511 2085 528 2133 e
555 2064 658 2150 patrio
673 2087 773 2147 more,
799 2071 983 2151 abantiquo
1007 2077 1101 2151 poeta
1115 2091 1243 2136 carmen

87 2178 171 2242 illud
185 2177 334 2241 mutuari.
355 2177 472 2252 ‹tQuod
503 2180 535 2240 et
562 2176 675 2256 nostri,
699 2176 803 2259 inquit
816 2177 1006 2256 Macrobius,
1031 2186 1096 2243 tam
1114 2178 1196 2244 inter
1210 2198 1243 2245 se

88 2301 218 2367 quama
240 2282 356 2347 Graecis
383 2288 416 2346 et
434 2286 616 2346 Graecorum
630 2283 819 2346 excellentes
840 2283 923 2348 inter
941 2303 974 2347 se
989 2287 1245 2367 frequentissime

88 2393 243 2456 fecerunt.
261 2413 276 2451 a
303 2392 393 2466 Quod
417 2409 474 2454 nos
495 2391 591 2457 hodie
607 2392 728 2455 furtum
743 2390 890 2472 dicimus,
906 2392 984 2457 olim
999 2394 1096 2458 veluti
1110 2396 1244 2459 societas

89 2506 125 2565 ct
148 2519 253 2563 rerum
279 2500 463 2564 communio
489 2501 591 2580 poetis
618 2499 891 2582 scriptoribusque
917 2501 1064 2572 omnibus
1097 2501 1180 2566 inter
1210 2523 1245 2569 se

89 2609 266 2672 exercenda
287 2609 531 2672 concedebatur.
558 2608 633 2683 Quis
656 2626 771 2689 nempe
798 2609 931 2690 Virgilio
953 2629 1092 2693 unquam
1117 2612 1245 2675 crimini

91 2717 193 2792 dedit,
210 2717 234 2778 si
247 2717 346 2779 multa
356 2716 527 2795 sumpserit
538 2733 605 2778 non
617 2715 657 2780 ab
671 2717 772 2778 Ennio
794 2722 929 2794 tantum,
946 2720 1014 2795 sed,
1034 2721 1243 2801 «utquisque

89 2823 204 2886 habuit
220 2824 305 2904 quod
324 2822 506 2887 conveniret
520 2821 592 2903 sibi,
611 2824 760 2904 quodque
775 2841 807 2886 se
828 2841 892 2886 non
910 2842 1003 2904 posse
1015 2826 1129 2906 melius
1142 2829 1245 2892 lacere

89 2931 265 2994 crediderit
280 2931 345 3012 (3)?
355 2953 371 2991 a

134 3038 249 3101 Demus
268 3035 364 3120 igitur
377 3038 520 3102 Ciceroni
534 3039 620 3118 quod
635 3038 681 3101 illi
698 3038 772 3101 dare
785 3057 851 3102 non
866 3039 1090 3105 dubitaverunt
1101 3041 1157 3106 viri
1173 3044 1247 3110 doc·

88 3146 217 3224 tissimi,
241 3147 395 3210 Henricus
419 3139 597 3228 Stephanus
617 3145 658 3230 (1)
682 3146 806 3210 scilicet
832 3152 864 3210 et
884 3149 1019 3211 Orellius
1035 3151 1089 3230 (5),
1116 3157 1147 3215 et
1161 3152 1247 3216 Pati·

90 3274 153 3319 nus
167 3256 221 3337 (6),
240 3247 377 3336 quorum
400 3255 514 3319 subtile
533 3254 692 3336 judicium
714 3255 748 3318 in
770 3256 999 3335 quaestionibus
1013 3258 1106 3340 hujus
1122 3262 1247 3341 generis

128 3500 165 3565 (ι)
182 3498 234 3551 ca.
253 3496 378 3561 ruem,
396 3500 492 3560 1111.

129 3581 165 3649 (2)
178 3580 230 3634 Cic.
246 3580 266 3632 l.
281 3600 303 3632 c.
493 3626 495 3631 ,

128 3669 165 3734 (d)
182 3665 256 3720 liner.
269 3669 367 3720 Satura.
379 3662 422 3719 lib.
435 3662 477 3728 VI,
490 3682 546 3736 cap.
560 3669 584 3720 1,

128 3753 166 3819 (1)
183 3749 369 3803 ciceronianum
381 3747 489 3805 Lexlcon
502 3749 721 3816 Graec-Latinam,
735 3747 819 3809 Latet.
834 3752 908 3819 1151,
923 3772 949 3824 p.
965 3755 1021 3812 1111.

128 3839 164 3903 (5)
183 3837 256 3888 Orell.
279 3839 444 3888 Onomasricon
460 3837 522 3905 (1111,
541 3843 564 3900 1,
578 3841 648 3908 pa).
668 3839 810 3893 «Titanum
822 3842 916 3892 soboles
918 3877 967 3896 .....
986 3837 1108 3898 1111111111
1120 3839 1221 3900 Caucasi
1233 3863 1245 3896 s

90 3923 157 3975 male
168 3939 183 3974 a
196 3922 320 3975 nonnullis
334 3923 392 3975 item
405 3923 480 3975 Accio
493 3922 644 3990 tribuuntur,
658 3936 734 3993 quum
744 3926 819 3979 sinte
832 3921 950 3979 Cicerone
962 3925 1016 3996 ipso
1029 3945 1059 3981 ex
1068 3930 1177 4000 AEschyli
1188 3933 1248 3986 Paos

90 4007 191 4061 melheo
205 4029 217 4054 ι
229 4009 342 4076 λυομένῳ
353 4029 367 4055 a
377 4008 404 4059 in
417 4008 522 4060 latinum
532 4002 651 4061 conversi.

129 4094 166 4161 (6)
182 4091 237 4145 vid.
251 4091 361 4143 Annales
369 4097 440 4146 Doct.
455 4095 518 4148 1818
530 4104 556 4147 et
569 4099 642 4158 1861,
657 4104 716 4161 etc,
728 4107 771 4164 op.
783 4087 815 4148 de
832 4097 905 4165 Trag.
918 4088 995 4152 Grae.
1008 4109 1074 4168 poet
1088 4103 1160 4169 (tert.
1177 4105 1248 4169 edit,

91 4186 113 4229 t.
128 4175 148 4242 1,
163 4177 369 4246 (1289111111,
384 4196 409 4246 p.
425 4180 478 4247 80).
489 4209 522 4219 -
542 4180 564 4232 J.
579 4179 609 4234 V.
625 4180 736 4250 Leclerq.
754 4181 789 4235 111
804 4189 912 4252 prorsus,
933 4194 962 4238 11
977 4186 1075 4256 opinor,
1092 4188 1246 4253 existimavit,

91 4265 140 4334 qui
156 4266 256 4333 quidem
273 4267 305 4319 de
320 4265 367 4319 ista
384 4282 412 4320 re
428 4266 575 4319 sententiam
590 4283 642 4320 non
657 4267 721 4322 dixit
731 4306 738 4322 .
748 4285 809 4323 num
826 4287 885 4324 vero
902 4270 1025 4337 taedisset,
1042 4272 1162 4330 stlocum
1178 4278 1249 4332 illem

91 4349 177 4404 Tullio
189 4351 266 4405 tribui
277 4367 329 4406 non
342 4366 412 4421 posse
423 4362 486 4410 meet
496 4353 650 4406 arbitratus?
