2790 4770
686 366 862 431 ..34-

199 504 296 581 mina,
326 507 411 569 nulla
431 506 533 586 adjuti
559 507 832 588 interpretatione,
855 506 1043 588 potuissent.
1063 505 1174 584 ltaque
1186 506 1293 584 grates
1307 501 1351 563 illi

198 614 373 678 referenda
385 619 470 691 sunt,
487 633 559 697 quae
572 615 677 696 prima
690 616 864 696 maJ'orihus
889 614 1005 679 nostris
1020 611 1150 677 Homeri
1166 610 1257 673 dedit
1275 626 1350 690 poe·

198 731 282 789 mata
304 742 341 788 ea
354 725 387 787 in
414 724 608 805 explicando·
625 724 800 806 diligentia,
835 742 931 806 quam
959 724 1067 788 cuncti
1087 726 1180 784 antea
1199 718 1352 800 interpre
1378 735 1383 740 ·

197 840 244 897 tes
267 832 310 916 (l)
326 849 489 913 nunquam
502 830 636 895 assecuti
650 837 749 896 erant.
771 833 916 914 Magnam
936 831 1081 913 protecto
1099 825 1350 909 suis'aequalibus

197 941 304 1008 attulit
314 944 509 1025 voluptatem
535 941 606 1004 haec
617 941 734 1004 mulier
753 941 879 1004 erudita
891 941 976 1004 haud
992 939 1123 1033 indigna
1136 933 1262 1000 erudito
1281 952 1351 999 con·

195 1050 283 1132 juge.

237 1161 313 1233 Quae
337 1173 436 1241 quum
451 1157 497 1220 ita
514 1156 588 1235 sint,
616 1159 768 1237 quantam
782 1157 878 1220 tuisse
894 1154 1044 1220 Romanis
1056 1151 1307 1217 admirationem
1317 1165 1353 1212 ac

195 1265 339 1330 laetitiam
365 1271 457 1347 putas
488 1283 526 1328 eo
541 1265 593 1327 die
613 1284 676 1345 quo
706 1266 844 1345 primum
866 1264 1009 1329 recitavit
1033 1264 1208 1344 odysseam
1231 1261 1351 1322 Andro·

198 1376 307 1439 nicus?
321 1375 406 1437 Nihil
419 1392 494 1437 sane
509 1379 575 1437 erat
589 1374 694 1454 aptius
709 1376 749 1437 ad
773 1376 1021 1439 delectationem
1040 1370 1239 1435 audientium
1256 1386 1361 1452 quam¹
1378 1362 1381 1366 ’

196 1484 255 1550 ista
268 1484 446 1547 tabularum
459 1483 556 1546 series
570 1488 637 1547 tam
660 1483 757 1562 varia,
771 1489 837 1547 tam
850 1482 1026 1560 familiaris,
1045 1500 1082 1547 ac
1096 1480 1191 1545 simul
1205 1462 1274 1542 tam
1289 1496 1352 1541 ma·
1381 1484 1389 1565 ᾖ

197 1590 336 1672 gnifica:
361 1589 454 1667 nihil,
480 1589 507 1651 si
530 1590 710 1654 litterarum
723 1591 828 1653 studia
842 1596 976 1673 spectes,
999 1589 1101 1671 gentis
1121 1587 1229 1651 latinae
1242 1603 1350 1668 super·
1379 1646 1382 1651 .

198 1699 284 1762 biam
310 1699 408 1779 magis
433 1715 548 1781 augere
573 1699 693 1764 debuit.
719 1701 862 1763 Primum
878 1701 964 1764 enim
984 1700 1047 1764 hoc
1061 1717 1144 1778 opus·
1152 1697 1261 1761 effecit
1274 1694 1352 1759 Latii
1379 1670 1389 1689 ³

198 1824 357 1883 oamoena3
381 1807 521 1888 primum
536 1807 681 1872 condidit
695 1809 856 1872 altissimae
880 1825 1012 1890 poeseos
1025 1811 1283 1882 monumentum,
1297 1806 1357 1867 Ito.

200 1931 348 1995 mamque
372 1913 501 1977 edocuit
520 1914 617 1978 verba
640 1931 677 1980 ac
700 1915 871 1979 sententias
897 1915 1029 1982 maximi
1051 1913 1196 1976 omnium
1225 1915 1353 1975 aetatum
1380 1900 1383 1907 ’

198 2019 276 2084 vatis
302 2039 321 2083 a
346 2038 380 2083 so
398 2018 449 2087 vix
475 2037 493 2083 e
523 2019 689 2084 cunabulis
720 2021 753 2082 in
781 2038 963 2085 sermonem
991 2019 1131 2102 patrium
1154 2036 1248 2100 posse
1262 2034 1355 2084 com·
1385 2028 1389 2097 ,t

198 2127 327 2193 mutari.
1385 2100 1389 2177 ἰ

239 2237 298 2310 Qui
313 2235 421 2301 statim
446 2234 487 2299 ab
500 2234 642 2315 incoepto
669 2236 801 2302 Homeri
813 2234 946 2319 vestigia
960 2237 1039 2302 colit
1058 2236 1271 2318 observatque
1283 2234 1357 2301 scri·
1386 2292 1389 2335 Ξ

199 2344 290 2422 bens,
1382 2340 1389 2415 ,²

320 2582 324 2588 ,
379 2521 479 2581 Vimm
489 2520 570 2595 mihi,
584 2520 728 2594 cannono,
740 2521 832 2583 insece
842 2530 995 2594 versutum,

203 2721 293 2786 spem
307 2705 441 2768 multam
458 2703 533 2768 facit
551 2722 585 2768 se
603 2720 804 2786 magnopere,
819 2685 963 2769 natanto
977 2723 996 2768 a
1010 2709 1132 2770 rectore
1150 2702 1355 2788 digrediatur,

205 2815 379 2878 enisurum.
392 2800 475 2886 Quin
497 2811 604 2891 etiam,
629 2813 770 2894 quamvis
791 2813 991 2895 paucissimae
1012 2813 1076 2878 sint
1089 2833 1126 2877 ac
1157 2814 1272 2879 breves
1292 2812 1357 2879 reli·
1371 2794 1381 2881 J

206 2925 381 3004 quiae,eum
395 2922 429 2984 in
442 2921 586 3002 pluribus
601 2921 680 2985 locis
695 2922 791 2985 luisse
804 2922 958 3003 propositi
966 2929 1112 2988 tenacem
1126 2928 1272 3005 apparet.
1291 2924 1354 2989 lam

205 3028 487 3101 animadvertimus
500 3046 595 3111 quarn
607 3028 710 3092 vivide
722 3029 786 3095 hoc
800 3048 928 3094 carmen
941 3030 1130 3111 expresserit
1145 3050 1154 3094 ι

386 3209 489 3274 Τέκνον
504 3209 579 3292 iptio,
591 3217 665 3272 ποῖον
679 3232 710 3272 σε
722 3207 784 3279 ἔπος
796 3209 876 3297 φύγεν
888 3209 964 3297 ipae:
975 3213 1105 3293 ὄδόντων;

246 3405 334 3470 Idem
348 3419 476 3485 quoque
495 3421 511 3462 n
527 3401 663 3468 feliciter
675 3404 771 3467 audet
784 3424 816 3481 a,
838 3422 938 3487 quum
951 3403 1125 3469 fidissimus
1142 3380 1358 3490 interpretra-

206 3510 495 3596 gem·'laphi0rum
506 3509 631 3576 inducit
650 3511 874 3577 aTelemaeho
897 3512 959 3577 ista
977 3519 1204 3595 querentem:
1233 3609 1236 3612 .

386 3693 456 3764 Quae
469 3689 530 3751 hac
542 3688 612 3765 daps
624 3698 677 3764 est,
688 3691 736 3766 qni
744 3690 835 3752 lesem
845 3690 927 3752 diest

248 3878 352 3956 Atque
375 3872 457 3936 infra
480 3873 561 3937 adeo
582 3873 718 3938 sollicite
745 3874 897 3939 orationis
924 3870 1143 3940 incitationem
1158 3872 1358 3963 sequitur&

207 3982 363 4067 quidqnid
380 3980 549 4064 pracipuis
572 3981 844 4078 enuntiationibus
857 3985 982 4048 accedit
997 3983 1196 4067 inhaeretqne
1217 3996 1275 4050 seu
1285 3980 1358 4051 cnr*

203 4089 369 4172 junctione
399 4107 454 4154 seu
478 4088 648 4171 participio
673 4088 863 4167 admixtum,
890 4093 993 4157 servet
1011 4091 1149 4173 scriptor
1164 4109 1202 4156 ao
1216 4092 1340 4159 retinent

234 4413 271 4481 (1)
287 4411 343 4467 tid.
359 4409 389 4466 Ε.
401 4408 487 4481 Emer.
500 4408 531 4461 de
543 4409 639 4462 Ρνάηοὶε
650 4411 747 4463 Homeri
761 4409 940 4485 interpretibus.
