2790 4770
599 264 777 330 ..77-

217 415 381 508 ἀντιπέρην
397 394 524 507 ὄρνιθος
541 417 716 485 ἑλίσσεται·
737 423 756 490 ἡ
775 408 810 482 δὲ
826 419 943 511 μεσηγὺ

217 539 351 632 ὀρνιθέης
368 547 501 634 κεφαλῆς
521 541 572 609 καὶ
592 543 739 637 γούνατος
758 543 953 636 ἐστήρικται.

110 663 173 755 275
216 642 297 732 Ητοι
315 662 373 760 γὰρ
394 666 446 734 καὶ
463 668 537 741 Ζηνὶ
555 671 746 761 παρατρέχει
763 664 865 745 αίολος
883 643 988 760 ὄρνις.

217 776 291 856 Ᾰλλ’
310 795 325 857 ὁ
341 792 395 885 μὲν
410 792 537 885 deprime,
551 789 593 861 τὰ
611 784 647 860 δὲ
661 792 689 859 οἱ
704 789 803 884 πτερὰ
815 795 1021 885 τετρήχυνται

127 961 129 966 ,
216 914 364 1009 αἰστροίσιν
382 917 449 985 οὔτι
467 916 535 991 λίην
551 917 706 1011 μεγάλοις,
721 915 798 1011 ἀτὰρ
813 922 847 984 οὐ
865 917 918 1010 μὲν
939 916 1083 1009 ἀφαιρεῖς
1105 904 1172 1008 (1).

217 1029 340 1135 (Αὐτὰρ
356 1047 402 1138 ὅγ’
417 1035 573 1112 εὐδιόωντι
586 1045 686 1118 ποτήν
706 1028 811 1137 ὄρνιθι
826 1044 929 1124 ἐοικὼς

217 1168 315 1257 οὔριος
330 1166 369 1245 είς
387 1169 492 1258 ἑτέρην
508 1155 659 1260 φέρεται),
682 1166 764 1236 κατὰ
784 1159 873 1245 δεξιὰ
889 1169 988 1261 χειρὸς

110 1292 175 1358 280
219 1289 353 1384 Κηφείης
369 1301 496 1386 ταρσοῒο
513 1290 552 1360 τὰ
570 1284 658 1371 δεξιὰ
676 1292 808 1387 πείρατα
826 1269 952 1359 τείνων·

216 1423 288 1510 λαιῇ
304 1400 341 1485 δέ
360 1422 486 1512 πτέρυγι
500 1419 656 1511 σκαρθμὸς
671 1421 896 1512 παρακέκλιται
916 1399 1027 1487 sercou.

216 1542 276 1608 Τὸν
294 1532 329 1609 δὲ
344 1533 592 1637 μετασκαίροντα
606 1530 657 1635 (2)
675 1534 723 1609 δι’
739 1527 840 1635 Ιχθιίες
855 1543 1082 1635 ἀμφινέμονται

220 1647 339 1735 ίππον·
359 1664 421 1761 πὰρ
437 1660 466 1734 δ’
486 1665 545 1763 ἄρα
565 1669 593 1736 οἱ
605 1677 723 1762 κεφαλῇ
736 1670 801 1763 χεὶρ
818 1656 988 1761 Ῠδροχόοιο

220 1781 357 1886 δεξιτερὴ
372 1793 552 1862 τετάνυσθ’·
567 1798 583 1860 ὁ
599 1783 629 1859 δ’
649 1793 807 1887 ὀπίστερος
827 1794 1009 1888 Αίγοκερῆος

115 1915 179 1983 285
220 1919 381 1984 τέλλεται·
402 1916 500 2012 αὐτὰρ
520 1921 571 2014 ὅγε
590 1919 737 2012 πρότερος
752 1918 803 1985 καὶ
819 1917 908 1988 νειόθι
927 1922 1045 2010 μᾶλλον

221 2043 358 2110 κέκλιται
374 2040 558 2138 Αἰγοκέρως,
576 2043 624 2110 ἵνα
638 2070 672 2111 τε
688 2044 810 2136 τρέπετ’
825 2045 925 2120 Ιιἰελίου
940 2043 977 2122 ἴς.

220 2241 289 2311 Quae
301 2254 387 2314 genus
397 2240 433 2297 ad
444 2242 545 2299 laevum
557 2242 620 2298 Nixi
633 2242 745 2315 delapsa
758 2243 876 2312 resedit,
967 2260 970 2266 ’

219 2336 302 2402 alque
314 2330 388 2387 inter
396 2329 497 2387 flexum
511 2348 597 2404 genus
612 2340 643 2388 et
655 2341 740 2406 ceput
752 2333 835 2389 Alitis
849 2334 938 2391 haesit.

219 2421 343 2490 Namque
356 2427 398 2475 est
408 2419 476 2475 Ales
486 2419 555 2486 avis,
569 2420 626 2477 luto
639 2421 824 2494 subtegmine
837 2423 901 2480 coeli

219 2519 281 2576 quae
293 2504 377 2576 volat,
391 2514 419 2562 et
428 2520 542 2579 serpens
556 2507 674 2579 geminis
685 2517 760 2565 secat
770 2525 834 2565 uera
846 2511 951 2582 pennis.

218 2594 312 2650 Altera
324 2609 387 2666 pars
398 2594 463 2652 huic
475 2595 592 2653 obscura
605 2603 688 2654 estet
701 2597 815 2654 luminis
828 2613 924 2670 expers
935 2619 942 2666 3

219 2683 302 2740 altera
314 2699 367 2741 neo
382 2685 483 2757 parvis,
494 2701 546 2743 neo
556 2687 638 2743 claris
650 2686 759 2744 lucibus
769 2687 858 2757 ardet,

218 2774 267 2831 sed
280 2775 424 2832 mediocre·
430 2777 499 2849 jacit
511 2775 662 2849 quatieose
675 2793 791 2849 corpore
803 2778 907 2836 lumen.

218 2864 287 2920 Haeo
298 2864 424 2921 dextram
436 2864 538 2937 Cephei
551 2865 648 2922 dextro
659 2866 729 2938 pede
742 2853 843 2939 pellere
854 2867 974 2939 palmam

217 2953 317 3026 gestit:
328 2954 386 3027 jam
398 2969 463 3010 vero
474 2955 572 3011 olioata
586 2964 629 3012 est
638 2957 740 3026 ungula
754 2972 869 3012 vemens
880 2954 920 3026 (3)

220 3040 301 3099 fortis
313 3042 383 3115 Equi
397 3051 513 3115 propter
525 3045 629 3116 pinnati
643 3047 768 3116 corporis
780 3047 865 3103 ulem.

220 3135 283 3204 lpse
297 3140 392 3191 autem
404 3133 496 3189 lubens
510 3133 593 3189 mutis
606 3137 700 3207 Equus
717 3135 762 3191 ille
773 3143 884 3192 tenetur

219 3221 357 3290 Piscibus,
371 3221 435 3279 huie
448 3224 541 3280 cervix
551 3224 650 3280 dextra
663 3224 801 3281 mulcetur
814 3226 931 3297 Aquari.

219 3315 312 3373 Serius
325 3316 385 3374 haeo
398 3317 492 3374 obitus
501 3317 584 3373 terrui
596 3317 661 3373 visit
674 3317 746 3389 Equi
757 3319 810 3384 ris,

220 3421 305 3478 quom
320 3407 441 3480 gelidum
455 3406 544 3463 valido
554 3406 589 3462 de
599 3422 715 3478 corpore
726 3405 813 3480 frigus
821 3407 956 3464 anhelans

220 3511 336 3569 corpore
349 3495 479 3553 semifero
488 3511 590 3570 magno
602 3497 785 3568 Capricornus
799 3497 826 3551 in
839 3495 923 3553 orbe:

148 3682 183 3744 (l)
202 3679 229 3729 ln
243 3696 350 3731 errorem
364 3682 443 3747 lapsus
460 3689 496 3730 est
511 3680 605 3739 Aratus,
620 3688 648 3729 ut
665 3679 836 3729 animadvertit
850 3679 889 3728 vir
900 3678 1052 3729 doctissimus
1075 3678 1096 3729 J.
1106 3679 1136 3730 V.
1156 3679 1266 3746 Leelerq‚

113 3762 281 3832 Hipparchum
291 3773 396 3815 seculus.

146 3850 180 3917 (2)
197 3851 366 3916 μετασκαίρω,
379 3877 410 3887 -
422 3871 434 3895 ιι
448 3850 509 3900 salto
523 3850 595 3900 iuter.
608 3871 620 3894 o
634 3849 759 3911 Quomodo
774 3848 857 3914 legisse
866 3849 963 3899 videtur
977 3848 1062 3898 Cicero
1076 3849 1142 3915 apud
1156 3849 1267 3909 Aratum,
1302 3903 1306 3909 .

112 3953 135 3985 ν.
149 3937 208 3999 282,
223 3956 236 3980 α
251 3936 293 3984 τὸν
307 3935 334 3984 δὲ
348 3937 567 4003 μετασκαίρονταΡ
579 3959 591 3978 «
604 3933 701 4001 Quippe
715 3934 758 4000 qui
772 3951 800 3984 ea
810 3935 884 3984 verba
903 3936 937 3985 sie
951 3935 1125 4001 interpretatus
1139 3934 1171 3985 sit
1183 3958 1195 3977 ·
1216 3935 1268 4001 ipse

112 4029 194 4071 aulem
207 4019 316 4070 labens...
332 4044 344 4064 a
358 4019 391 4071 At
403 4019 431 4070 F.
447 4020 553 4070 Avienus
567 4019 662 4070 videtur
680 4019 763 4086 legisse
776 4041 789 4061 «ε
802 4018 844 4070 τὸν
859 4019 885 4068 δὲ
906 4020 968 4084 μέτα
986 4019 1131 4085 σκαίροντα.
1146 4043 1157 4060 ιι
1172 4047 1210 4066 -.
1229 4019 1269 4068 Sic

111 4105 178 4154 enim
190 4104 232 4155 ille
247 4142 253 4154 .
268 4103 330 4155 Nam
342 4115 397 4172 post
410 4105 566 4173 cornipedem
578 4105 680 4172 flagrant
693 4105 742 4155 duo
755 4105 834 4154 sidera
848 4105 928 4154 Pisces
942 4103 980 4168 (ll.
989 4101 993 4106 '
1003 4104 1098 4171 Steph.‚
1114 4093 1185 4152 Thes,
1202 4101 1265 4170 ling.

110 4202 203 4252 green,
219 4184 264 4248 ill,
276 4202 303 4252 p.
317 4189 374 4244 ⁸02,
385 4187 424 4236 ed.
440 4190 524 4252 1572).

146 4272 182 4336 (³)
199 4267 272 4331 Quod
286 4269 384 4322 Grotius
397 4271 508 4322 observat
519 4272 644 4338 ἀρχαϊκῶς
657 4270 758 4328 dictum,
774 4270 861 4319 omissa
877 4268 1049 4334 adspiratione.
