2790 4770
619 325 845 389 “-166-

516 515 649 575 Πλάτωνος
661 516 840 586 Πρωταγόρας,
855 517 942 584 argit.
962 517 983 583 l,

213 660 393 747 -Πόθεν,
415 658 439 726 ὦ
459 661 634 756 Σώκρατες,
651 661 798 755 periurgi]
818 653 901 739 δῆλα
918 655 957 739 δὴ
977 650 1028 756 (1)
1049 665 1099 730 ὅτι
1117 661 1179 729 ἀπὸ
1194 685 1322 755 κυνηγε-

162 783 229 854 σίου
245 795 301 854 ‘coti
321 785 391 881 περὶ
405 789 459 862 τὴν
475 775 667 856 Ᾰλκιὸιάδον
683 791 779 881 ὥραν;

472 961 505 1014 Μ.
521 961 549 1014 Τ.
561 961 687 1014 Ciceronis
700 963 843 1032 Protagoras
856 980 887 1014 ex
899 962 1010 1015 Platone.

191 1115 225 1128 -
238 1075 313 1156 Quid
327 1090 378 1144 tu?
389 1085 465 1144 unde
477 1087 592 1146 tandem
606 1103 735 1162 appares,
748 1106 765 1146 o
777 1090 906 1149 Socrate?
920 1103 957 1144 an
970 1085 997 1143 id
1012 1083 1127 1159 quidem
1136 1082 1254 1142 dubium
1265 1098 1321 1138 non

155 1184 207 1249 est,
223 1177 291 1250 quin
305 1193 339 1235 ex
349 1177 492 1234 Alcibiade
505 1178 560 1250 (2)?

211 1451 264 1507 -’
279 1447 350 1555 Epio
371 1460 427 1552 μὲν
459 1459 511 1527 καὶ
531 1461 635 1544 αὐτὸς,
658 1457 682 1527 ὦ
703 1459 899 1555 Πρωταγόρα
918 1484 952 1527 τε
980 1459 1032 1526 καὶ
1052 1460 1222 1551 Σώκρατες,
1244 1450 1320 1535 ἀξιῶ

156 1591 234 1680 ὑμᾶς
253 1594 431 1680 συγχωρεῖν,
457 1585 510 1653 καὶ
531 1587 679 1665 ἀλληλοις
700 1586 768 1680 περὶ
795 1593 856 1654 τῶν
887 1585 1003 1679 λόγων
1020 1579 1221 1677 ἀμφισῧητεῖν
1251 1582 1320 1673 μὲν,

164 1716 172 1738 2
196 1712 204 1734 e
302 1713 309 1733 ι
363 1713 372 1738 t

159 1706 263 1807 ιριζειν
278 1704 313 1779 δε
329 1738 383 1805 μη.
882 1806 1002 1872 Πρωταγ.
1016 1820 1072 1868 asp.
1086 1800 1181 1854 XXVII.

193 1945 318 2000 -Nune
331 1959 345 2000 a
363 1943 453 2009 vohis,
472 1946 624 2017 Protagora
638 1951 666 1999 et
677 1945 800 2012 Socrate,
816 1941 943 2016 postulo,
959 1940 1119 1998 concedatis
1135 1938 1319 2009 alteralteri,

158 2038 187 2088 et
198 2031 272 2090 inter
282 2048 332 2089 vos
341 2031 375 2090 de
388 2031 550 2105 hujusmodi
560 2032 644 2089 rebus
655 2030 914 2099 controversemini
927 2047 985 2087 non
998 2028 1164 2088 concertetis
1180 2028 1226 2103 (3).

215 2386 267 2400 -·
353 2347 417 2416 Καὶ
440 2349 487 2428 τίς
505 2345 583 2424 ἄλλη
611 2343 721 2429 ἀναξία
739 2342 839 2445 ἡδονῇ
861 2351 937 2442 πρὸς
959 2350 1059 2424 λύπην
1087 2345 1180 2432 ἐστὶν,
1202 2347 1275 2415 ἀλλ’
1293 2353 1314 2422 ri

157 2468 311 2568 ὑπερὸολὴ
328 2472 504 2551 &dindoni
522 2472 676 2567 ἔλλειψιςς
986 2571 1011 2620 11
1117 2566 1172 2618 lud

1012 2585 1104 2638 ρωταγ.
1146 2585 1155 2616 ¹
1175 2606 1182 2620 ·

123 2725 125 2729 ⁷
194 2705 311 2775 -Quae
329 2703 414 2778 igitur
432 2712 597 2776 potestesse
618 2703 768 2777 indignitas
788 2702 937 2778 voluptatis
957 2702 992 2759 nd
1012 2683 1191 2772 molestiam,
1215 2700 1271 2758 nisi
1290 2703 1320 2760 in

159 2793 362 2866 magnitudine,
375 2802 426 2852 aut·
437 2793 609 2869 longitudine
624 2794 737 2852 alterius
748 2794 838 2852 utrius
853 2794 940 2866 posita
956 2792 1014 2866 (⁴)?
1052 2864 1054 2869 Ι

703 2951 774 2962 ιιι--ο

194 3237 229 3248 -
239 3206 429 3263 confirmandi
445 3221 548 3280 genera
562 3207 718 3280 compluria
734 3210 785 3278 (5).
845 3239 849 3250 .

192 3424 228 3490 (1)
245 3423 321 3473 Multo
333 3423 465 3489 elegantius
477 3423 524 3489 legi
536 3425 596 3486 δῆλα
608 3426 637 3486 δή
650 3424 788 3491 separatim,
810 3440 884 3491 quam
898 3424 989 3484 δηλαδή
1004 3423 1113 3489 (Henric.
1136 3422 1233 3490 steph„
1261 3429 1319 3476 Lex.

160 3504 240 3556 Cicer.
254 3521 326 3570 grue.
342 3503 399 3568 lat„
414 3521 469 3571 pag.
488 3507 557 3570 130).

192 3591 226 3656 (2)
243 3590 267 3643 Ε
284 3589 418 3652 Fusciano,
443 3590 486 3640 lib.
508 3589 548 3640 VI.
570 3589 745 3640 Grammaticus
771 3606 828 3640 vcro
843 3589 999 3656 interrumpit
1019 3589 1080 3638 sorte
1093 3588 1245 3650 orationem
1262 3606 1321 3640 nam

157 3677 261 3744 amplius
274 3683 309 3723 est
323 3674 349 3724 in
363 3674 480 3724 Platone:
496 3675 581 3736 πόθεν,
597 3684 645 3725 etc.
660 3674 691 3740 (J.
706 3673 736 3727 V.
746 3673 796 3740 Β.)

192 3761 228 3828 (3)
247 3761 283 3810 Ex
297 3760 391 3820 eodem,
403 3759 446 3809 lib.
463 3758 506 3810 vl.
762 3813 765 3817 ,

191 3842 228 3906 (d)
246 3842 348 3893 Videtur
361 3841 476 3891 mendosa
490 3858 552 3903 vox3
568 3859 617 3892 non
631 3842 696 3893 enim
708 3842 788 3893 reddit
802 3858 903 3908 graecam
917 3858 1002 3892 vocem
1015 3865 1027 3887 o
1038 3839 1054 3904 ἢ
1067 3842 1169 3906 ἔλλειψις
1183 3863 1204 3891 ι.
1220 3841 1321 3892 Ficinns

156 3936 238 3976 autem
250 3925 285 3974 sic
299 3923 371 3973 vertit
387 3939 393 3973 ε
409 3949 421 3966 «
436 3923 493 3984 Quae
508 3941 564 3974 vero
578 3926 626 3976 alia
640 3926 703 3977 inest
720 3927 752 3976 ad
765 3926 874 3976 dolorem
894 3926 1024 3991 indignitas
1038 3924 1172 3992 voluptati,
1188 3941 1263 3991 quam
1277 3942 1320 3975 ex·
1386 3935 1389 3941 ’

160 4031 173 4054 n
187 4025 265 4059 cessus
279 4010 344 4058 inter
358 4023 408 4057 sese
421 4018 495 4074 atque
509 4008 631 4061 deiectus?
644 4034 657 4054 a

192 4094 229 4160 (5)
248 4093 266 4142 E
281 4093 376 4143 Donato
391 4094 416 4141 in
430 4093 603 4144 Phormionem
621 4094 739 4153 Terentii,
761 4094 803 4154 lv,
819 4098 843 4156 3,
858 4100 881 4145 d.
897 4123 928 4132 -
938 4095 981 4144 His
993 4093 1074 4144 verbis
1094 4095 1175 4145 locum
1197 4095 1320 4160 assignare

158 4180 184 4229 in
199 4178 399 4244 interpretatione
414 4178 573 4230 Ciceroniana
587 4181 718 4230 admodum
732 4180 832 4230 difficile
845 4190 888 4230 est.
905 4180 996 4230 Eadem
1016 4179 1098 4230 forsan
1111 4190 1168 4230 ante
1181 4180 1319 4230 orationem

158 4263 255 4313 Prodici
268 4264 297 4313 dc
311 4264 447 4314 recentium
458 4264 587 4316 hominum
598 4266 677 4333 prima
689 4267 803 4316 societate
817 4266 863 4331 legi
878 4265 1023 4332 potuissent.
1041 4265 1125 4315 Graeca
1139 4265 1192 4315 haec
1204 4274 1317 4316 tantum:

155 4369 167 4390 ιι
182 4348 242 4397 ἀλλὰ
255 4347 360 4414 πότερον
375 4348 432 4412 ὑμῖν
447 4351 522 4415 μῦθον
536 4352 613 4415 λέγων
627 4351 749 4412 ἐπιδείξιος
760 4349 880 4416 a-(Vid.
896 4348 919 4401 J.
931 4348 961 4399 V.
975 4349 1016 4412 L„
1026 4349 1074 4400 vol.
1089 4347 1164 4410 ΧΧῙΙ,
1179 4363 1235 4415 pag.
1248 4350 1320 4413 378.)
