2790 4770
598 333 776 394 ..24-

110 471 158 532 bis
179 493 193 528 «
205 473 306 533 facere
320 493 351 544 r,
368 493 382 528 n
393 490 502 553 gerere
517 494 532 530 a
551 491 588 535 ac
603 495 618 530 n
629 475 733 535 torre»
749 472 934 534 societatem
948 471 1053 534 fecere
1066 469 1109 552 (t)
1123 490 1130 533 :
1146 468 1267 532 timidis

111 575 197 635 enim
211 575 358 653 passibus
374 576 471 639 duces
486 596 570 654 suos
588 578 612 639 si
627 580 709 641 forte
728 577 854 640 insolita
875 579 999 656 fingunt
1011 576 1121 650 rerba,
1138 580 1268 636 secutus

112 687 159 744 cst
181 683 436 744 adolescentulus
460 689 565 762 poeta,
589 702 629 746 ne
657 702 789 745 suorum
825 684 996 763 aequalium
1024 681 1269 760 superbissimas

110 788 282 852 inconditis
298 791 382 852 souis
397 809 488 853 aures
504 793 692 854 offenderet.

150 901 190 960 nt
203 900 258 960 illa
273 899 431 960 minusad
455 900 654 979 propositum
674 917 782 961 meum
796 899 968 978 pertinent.
991 900 1149 960 Gonemur
1161 898 1270 976 potius

112 1009 281 1070 ostendere
295 1008 396 1087 qualis
411 1008 507 1069 fuerit
521 1008 554 1067 in
568 1008 827 1088 interpretatione
842 1009 1025 1071 Graecorum
1048 1007 1155 1070 Cicero
1176 1007 1271 1068 versi·

110 1117 231 1189 ficator,
249 1120 357 1176 utrum
379 1115 538 1176 veteribus
556 1116 670 1194 poetis,
688 1115 754 1195 qui.
770 1116 856 1176 idem
875 1116 1051 1177 effecerunt
1062 1132 1152 1193 opus,
1178 1130 1271 1192 supe·

111 1219 177 1282 rior
187 1219 326 1300 judicari
346 1222 474 1296 debeat,
492 1222 569 1301 quid
590 1221 780 1283 incrementi
805 1222 939 1300 poeticae
964 1220 1136 1296 addiderit,
1156 1220 1183 1280 si
1205 1238 1271 1281 non

76 1354 79 1359 ⁴
113 1327 205 1390 verba
227 1333 369 1403 tantum,
386 1330 442 1389 scd
467 1328 563 1390 ctiam
587 1331 815 1391 sententiarum
839 1329 1105 1391 conformationes
1127 1346 1271 1407 perpen·
1296 1338 1299 1343 ’

114 1434 239 1507 dantur,
255 1439 407 1512 quantum
423 1432 561 1513 denique
580 1435 619 1495 ad
643 1453 712 1496 rem
728 1436 895 1497 metricam
913 1434 1087 1496 contulerit
1105 1432 1174 1513 ipse
1196 1452 1272 1513 per·

114 1540 294 1603 ficiendam.

614 1805 769 1818 -c—

560 2081 733 2161 CAPUT
761 2083 827 2160 IV.

117 2348 143 2393 L.
166 2347 330 2394 nuncculcl
343 2348 480 2396 ODYSSEAE
495 2348 640 2404 ENNIIQUE
655 2351 764 2397 MEDEAE
782 2351 974 2398 FRAGMENTA.
990 2370 1031 2381 -·
1048 2353 1120 2406 QUID
1142 2355 1182 2399 DE
1197 2352 1276 2400 ltus

276 2453 390 2501 UTPOTE
401 2453 566 2502 GRAECORUM
585 2457 818 2504 mruuruurluus
837 2457 1032 2504 suurfflitouu
1044 2443 1112 2504 sm?

156 2663 235 2724 Cum
258 2659 476 2740 superioribus
491 2664 594 2742 poetis
618 2664 830 2726 conferendus
849 2671 897 2728 est
918 2665 1038 2741 Cicero,
1056 2665 1082 2725 si
1098 2665 1211 2744 quanti
1223 2683 1277 2727 va-

116 2771 180 2831 leat
195 2769 258 2847 ille,
285 2769 363 2831 dum
386 2772 568 2833 Graecorum
583 2770 724 2833 carmina
744 2773 980 2850 interpretatur,
1001 2771 1170 2853 diligenter
1185 2771 1274 2834 aesti-

112 2873 204 2940 mare
219 2879 307 2940 velis.
322 2881 404 2941 Ante
418 2880 526 2940 omnia
540 2880 620 2942 scire
642 2881 795 2942 debemus
812 2896 876 2960 qua
889 2881 1010 2942 ratione
1029 2882 1156 2943 Graecos
1169 2880 1275 2942 Latini

118 2985 312 3066 antiquiores
325 2965 358 3047 iri
370 3006 465 3049 suum
479 2989 699 3051 transtulerint
721 3007 810 3068 opus.
831 2989 976 3051 Tullionc
991 2989 1144 3051 assentiar
1158 2989 1228 3050 haec
1241 2987 1277 3049 in

116 3099 382 3162 Academicorum
409 3096 498 3160 libris
524 3098 704 3160 scribenti:
746 3098 915 3175 «Ennius,
946 3099 1113 3176 Pacuvius,
1144 3098 1274 3174 Accius,

149 3395 184 3460 (l)
203 3394 316 3461 Ejusdem
329 3392 422 3460 generis
432 3393 506 3443 verba
520 3394 586 3460 apud
598 3392 740 3467 Lucretium
753 3394 829 3444 multa
838 3409 889 3443 esse
900 3408 972 3443 nemo
984 3393 1088 3460 ignorat.
1099 3393 1208 3455 Quorum
1222 3393 1278 3445 haec

115 3481 237 3548 praecipue
250 3480 356 3531 notanda
367 3479 473 3530 arbitror
486 3495 492 3530 :

315 3618 447 3687 Auctt'ficus
460 3618 502 3686 (II,
519 3619 587 3684 571).
694 3619 793 3685 Lucifer
810 3619 850 3685 (V,
866 3621 934 3683 525).

315 3703 433 3773 Barbt'ger
446 3705 485 3767 (V,
502 3705 571 3766 898).
695 3703 814 3773 Munt'fico
830 3705 872 3770 (ll,
888 3707 956 3770 625).

315 3786 423 3854 Falciser
437 3787 490 3855 (ΠΙ,
506 3789 576 3852 642).
694 3788 811 3855 Pinniger
825 3787 864 3852 (V,
885 3790 965 3851 1074).

315 3871 447 3938 Glandiser
461 3873 500 3938 (V,
514 3874 582 3939 9²13).
693 3873 834 3942 Squamiger
847 3872 876 3937 (I,
892 3872 960 3937 373).

313 3957 424 4024 Horriser
438 3958 478 4023 (V,
494 3959 562 4024 219).
697 3956 756 4007 Tabt
768 3975 818 4007 rcus
831 3957 880 4024 (VI,
896 3956 964 4022 tar),

317 4041 433 4111 Iatificus
447 4042 478 4109 (l,
492 4045 559 4108 194).
698 4041 812 4110 Terrifico
825 4042 855 4109 (I,
873 4042 939 4107 134).

110 4188 154 4239 llle
168 4185 201 4235 Μ.
215 4181 296 4233 Tullio
310 4180 424 4231 audacior
438 4181 548 4246 quaedam
565 4180 663 4247 scripsit
673 4180 761 4247 juncta
775 4179 848 4230 verba
862 4196 916 4246 quae
934 4193 1055 4245 nusquam
1070 4177 1130 4227 alibi
1149 4178 1222 4243 leges,
1248 4187 1277 4228 ut

113 4297 126 4321 ιι
139 4271 299 4338 fluctifragus‚
317 4290 327 4314 ι)
343 4289 356 4314 ιι
369 4269 542 4335 multangulus‚
560 4290 572 4314 a
593 4267 624 4318 cf.
649 4267 808 4331 πολύγωνος;
820 4297 851 4305 -
869 4290 881 4313 «ι
897 4268 1075 4334 montivagos»
1099 4276 1180 4317 tamen
1201 4262 1277 4315 semel

110 4359 140 4410 in
153 4375 198 4409 usu
212 4356 278 4424 apud
291 4355 435 4411 Ciceronem
448 4362 484 4404 est
497 4353 591 4418 (Tusa,
602 4352 633 4418 V,
650 4354 700 4418 tt).
