2790 4770
443 746 630 886 PARS
672 748 904 865 PRIOR.

194 1041 246 1100 DE
268 1040 307 1104 Μ.
332 1041 475 1138 TULLIO
498 1042 692 1104 diduceret
715 992 956 1106 caulssrddus
978 1042 1158 1105 GARMINA

445 1159 675 1221 GRAEGORUM
696 1158 918 1222 VERTENTE.

576 1757 738 1840 CAPUT
766 1763 797 1840 l.

265 1978 336 2031 oum
358 1979 396 2023 uu
425 1978 459 2023 u.
475 1977 580 2024 rurum
605 1961 943 2042 roura(l)suusuu1ur
968 1978 1103 2032 aurium.

150 2189 183 2252 Si
196 2189 366 2250 Plutarcho
392 2188 470 2250 fides
489 2189 669 2252 adhibenda
694 2197 752 2266 est,
769 2192 887 2253 Tullius
909 2208 928 2252 a
949 2192 1061 2272 primis
1084 2190 1268 2254 admirabili

105 2300 245 2378 quodam
259 2300 363 2360 studio
374 2307 525 2360 accensus
539 2299 675 2378 poeticae
695 2298 782 2359 dedit
804 2316 934 2377 operam
951 2300 1003 2381 (2),
1024 2305 1055 2362 et
1069 2319 1149 2379 puer
1162 2300 1266 2362 adhuc

104 2425 235 2470 carmen
260 2408 453 2470 tetrametris
479 2406 622 2470 versibus
652 2407 807 2487 scriptum
827 2407 1018 2486 composuit.
1039 2409 1152 2470 Postea
1165 2408 1263 2501 idem,

104 2535 206 2596 quum
222 2515 254 2577 in
269 2535 306 2579 eo
321 2534 436 2597 genere
460 2516 649 2578 excoluisset
665 2517 840 2596 ingenium,
858 2534 923 2578 nou
940 2516 1074 2578 oratoris
1089 2517 1198 2593 modo,
1215 2535 1267 2579 ve-

105 2642 179 2685 rum
196 2624 290 2685 etiam
304 2629 407 2703 poetae
420 2624 636 2684 Romanorum
654 2623 766 2702 optimi
781 2624 898 2683 samam
913 2621 954 2703 (3)
970 2622 1201 2702 comparavisse
1217 2622 1266 2683 di·

104 2729 201 2792 citur.
232 2730 307 2800 Quae
333 2730 462 2809 quidem
489 2728 589 2808 gloria
619 2729 708 2808 quasi
733 2729 859 2791 evanuit
881 2746 917 2791 ac
942 2728 1064 2808 dilapsa
1091 2734 1149 2803 est,
1168 2745 1266 2808 quum

103 2837 275 2914 splendore
289 2835 415 2898 insolito
429 2836 568 2916 primum
590 2837 752 2897 Lucretius
765 2837 978 2916 Catullusque‚
1003 2836 1118 2897 deinde
1137 2839 1222 2898 llaro
1237 2842 1268 2899 et

103 2945 238 3007 Flaccus
256 2945 437 3007 illuxerunt.
463 2946 552 3017 Quod
577 2944 720 3029 quamvis
736 2962 798 3005 non
814 2944 987 3005 diffiteatur
1002 2943 1200 3018 Plutarchus,
1218 2951 1266 3005 ta-

103 3067 182 3112 men
195 3067 232 3111 ex
245 3050 442 3112 illiusverbis
453 3051 770 3129 Ciceronempoetam
780 3051 928 3130 plurima,
942 3051 1019 3113 dum
1029 3050 1156 3127 viveret,
1170 3051 1266 3114 luisse

103 3152 140 3214 in
152 3155 363 3217 admiratione
372 3161 507 3218 constat.
521 3158 562 3218 At
570 3160 698 3234 postero
710 3161 854 3234 tempore
869 3155 1027 3218 Juvenalis
1040 3156 1110 3218 haeo
1121 3157 1265 3237 scripsit:

336 3287 538 3346 Olortonatam
553 3297 649 3346 natam
662 3305 707 3345 me
719 3289 831 3346 consule
845 3293 983 3346 Romam!

336 3378 441 3436 Antoni
456 3358 560 3451 gladios
573 3379 664 3452 potuit
677 3387 867 3440 contemnere,
881 3380 903 3435 si
917 3381 956 3436 sic

336 3469 432 3526 omnia
445 3468 569 3526 dixisset.
583 3468 710 3526 Ridenda
721 3466 849 3541 poemata
863 3469 938 3526 malo
949 3477 985 3542 (4)

137 3888 176 3952 (l)
197 3885 251 3934 vid.
265 3884 293 3937 V.
307 3883 418 3951 Faguet„
433 3887 470 3933 De
482 3886 576 3954 poetico
585 3891 622 3937 M.
641 3884 716 3936 Tullii
728 3887 848 3937 Ciceronis
857 3887 987 3954 facultate.
1005 3889 1128 3953 Plorantis,
1145 3895 1219 3948 1856.

138 3972 175 4037 (2)
198 3970 290 4037 Ἐρῤύη
303 3987 355 4026 πως
368 3970 406 4020 ἐπὶ
419 3971 559 4030 ποιητικήν,
574 3971 639 4022 Plut.
658 3972 707 4025 otc.
720 3971 766 4023 Ed.
781 3972 837 4023 Did.
850 3973 878 4032 ll,
894 3989 919 4039 p.
938 3975 1010 4026 1028.

139 4059 178 4122 (3)
199 4056 300 4112 ’Έδοξεν
312 4057 342 4106 οὐ
357 4057 432 4121 μόνον
447 4057 540 4123 ῥήτωρ,
553 4057 612 4108 ἀλλὰ
627 4059 668 4108 καὶ
682 4061 811 4119 ποιητὴς
824 4058 951 4126 ἄριστος
964 4053 1026 4110 εἶναι
1046 4061 1184 4127 Ῥωμαίων,
1199 4065 1233 4116 id.

143 4141 184 4207 (t)
201 4137 290 4190 Juven.
305 4143 356 4190 Sat.
371 4139 400 4199 X,
416 4157 439 4190 v.
459 4143 501 4191 121
520 4149 544 4192 et
558 4157 610 4208 sqq.
